2356 3976
283 265 466 348 Engsrams
489 267 528 346 of
544 217 696 326 Martiul.

58 524 242 597 Maestaque
259 520 340 579 civili
356 521 452 578 caede
467 519 605 577 maderet
620 519 741 577 humus.

10 621 78 677 Cur
93 637 176 676 nunc
192 618 405 685 “O,mores!''
422 635 476 674 cur
491 634 572 672 nunc
583 615 636 673 “O
652 615 831 691 temporal’'
847 613 945 671 dicis?

57 715 148 788 Quod
164 714 220 773 tibi
236 733 297 772 non
313 714 442 789 placeat,
461 710 646 782 caeciliane,
663 711 736 786 quid
752 713 820 769 est?

10 812 109 871 Nulla
124 812 237 869 ducum
251 811 367 881 feritas,
383 810 467 867 nulla
482 819 529 868 est
544 808 665 866 insania
678 807 768 880 ferri;

55 910 137 966 Pace
151 908 211 965 frui
227 917 311 965 certa
326 905 506 982 laetitiaque
523 904 603 963 licet.
951 922 966 980 5

10 1007 86 1063 Non
103 1003 199 1063 nostri
215 1004 341 1073 iaciunt,
358 1002 414 1061 tibi
430 1002 513 1079 quod
529 1011 582 1060 tua
597 1011 736 1076 tempora
752 1000 886 1072 sordent,

56 1101 118 1159 Sed
132 1101 252 1158 faciunt
267 1118 376 1170 mores,
394 1099 580 1170 Caeciliane,
597 1098 654 1156 tuis

342 1294 391 1356 97.
438 1297 507 1373 (ΙΧ.
531 1293 641 1371 xcvu.)

40 1428 79 1468 On
94 1428 136 1467 the
150 1427 262 1477 iealousy
276 1427 302 1466 oi
316 1437 347 1467 an
361 1427 486 1466 unknown
501 1434 604 1472 enemy;
624 1423 757 1463 addressed
770 1427 796 1462 to
810 1423 849 1462 his
864 1422 943 1462 friend

380 1492 459 1542 Julius
474 1490 604 1530 Martialis.

57 1594 222 1671 Rumpitur
238 1593 354 1652 invidia
370 1592 505 1669 quidam,
522 1591 680 1649 carissime
697 1576 764 1659 Iuli,

97 1692 190 1764 Quod
205 1711 253 1749 me
271 1693 371 1748 Roma
386 1689 468 1766 legit,
485 1688 635 1764 rumpitur
651 1687 774 1745 invidia.

57 1789 222 1864 Rumpitur
237 1786 361 1857 invidia,
378 1786 461 1863 quod
477 1786 567 1844 turba
583 1802 703 1859 semper
718 1782 750 1841 in
765 1783 849 1841 omni
934 1805 970 1842 10

99 1886 309 1942 Monstramur
324 1882 429 1960 digito,
445 1882 596 1957 rumpitur
611 1880 735 1938 invidia.

58 1982 223 2058 Rumpitur
238 1981 362 2051 invidia,
380 1979 485 2038 tribuit
502 1979 585 2054 quod
601 1981 718 2037 Caesar
732 1988 860 2054 uterque

99 2080 151 2135 lus
166 2077 240 2134 mihi
258 2086 407 2144 natorum,
424 2076 574 2151 rumpitur
591 2075 715 2133 invidia.

58 2174 223 2250 Rumpitur
235 2174 359 2243 invidia,
373 2173 456 2248 quod
469 2192 520 2230 rus
533 2172 607 2229 mihi
620 2172 709 2230 dulce
722 2173 778 2230 sub
791 2174 866 2231 urbe
879 2183 926 2232 est

98 2273 259 2347 Parvaque
276 2270 305 2328 in
321 2271 395 2328 urbe
409 2270 527 2340 domuS,
545 2269 695 2344 rumpitur
710 2269 835 2328 invidia.
934 2290 967 2348 15

58 2367 222 2443 Rumpitur
237 2366 360 2437 invidia,
377 2367 461 2443 quod
479 2385 545 2424 sum
563 2367 717 2424 iucundus
733 2367 849 2440 amicis

97 2463 191 2536 Quod
206 2462 336 2521 conviva
351 2462 505 2539 frequens,
524 2463 673 2539 rumpitur
690 2463 816 2522 invidia.

58 2559 222 2635 Rumpitur
234 2559 358 2630 invidia,
372 2561 455 2636 quod
469 2579 605 2618 amamur
618 2561 763 2637 quodque
775 2562 955 2637 probamur:

99 2657 278 2730 Rumpatur,
295 2655 435 2732 quisquis
450 2657 600 2732 rumpitur
614 2656 740 2716 invidia.

62 2942 80 2989 5.
98 2929 157 2973 This
168 2928 215 2973 line
225 2930 245 2973 is
256 2944 271 2974 a
282 2931 432 2988 compliment
443 2937 468 2975 to
553 2947 585 2990 ¹3·
596 2933 647 2976 .Ius
663 2965 668 2976 .
684 2966 690 2976 .
708 2965 713 2977 .
731 2939 859 2977 natorum:
877 2933 918 2977 the
932 2935 971 2978 ius

16 3006 55 3049 the
66 3005 172 3061 reigning
182 3018 296 3061 emperor,
309 3007 439 3050 Domitian.
519 3009 596 3050 trium
608 3007 743 3062 liberorum,
755 3008 794 3051 tire
809 3007 932 3065 privileges
947 3009 972 3052 oi

59 3081 80 3122 6.
96 3079 213 3123 Sordent:
231 3082 236 3103 ‘
247 3093 308 3123 seem
324 3080 468 3136 despicabie!
520 3095 534 3126 a
544 3081 620 3126 father
630 3081 655 3125 of
669 3082 734 3126 three
745 3081 855 3126 children.

60 3155 81 3199 8.
98 3154 122 3196 R
131 3168 146 3196 u
156 3169 178 3197 m
184 3160 202 3212 p
212 3155 221 3197 i
229 3160 238 3196 t
248 3168 286 3197 ur
304 3155 413 3199 invidia:
435 3155 469 3198 ‘is
552 3166 585 3209 17.
603 3155 706 3199 Conviva
719 3154 851 3214 frequens:
873 3157 902 3199 ‘a
921 3169 972 3199 con·

16 3228 123 3285 bursting
135 3229 191 3273 with
201 3230 276 3283 euvy.’
521 3228 609 3284 stantly
621 3227 711 3273 invited
721 3231 802 3286 guest.'

48 3317 82 3349 12.
102 3304 191 3348 Caesar
203 3309 316 3363 uterque:
334 3303 403 3346 Titus
412 3302 469 3358 first,

17 3376 71 3419 then
85 3376 214 3419 Domitian.
