<?xml version="1.0" encoding="UTF-8"?>
<!DOCTYPE html PUBLIC "-//W3C//DTD XHTML 1.0 Transitional//EN"
    "http://www.w3.org/TR/xhtml1/DTD/xhtml1-transitional.dtd">
<html xmlns="http://www.w3.org/1999/xhtml" xml:lang="en" lang="en">
 <head>
  <title>
</title>
<meta http-equiv="Content-Type" content="text/html;charset=utf-8" />
  <meta name='ocr-system' content='tesseract 3.04.00' />
  <meta name='ocr-capabilities' content='ocr_page ocr_carea ocr_par ocr_line ocrx_word'/>
</head>
<body>
  <div class='ocr_page' id='page_1' title='image "./onehundredandtw00westgoog_0040.png"; bbox 0 0 2356 3976; ppageno 0'>
   <div class='ocr_carea' id='block_1_1' title="bbox 362 285 773 366">
    <p class='ocr_par' dir='ltr' id='par_1_1' title="bbox 362 285 773 366">
     <span class='ocr_line' id='line_1_1' title="bbox 362 285 773 366; baseline 0.007 -22"><span class='ocrx_word' id='word_1_1' title='bbox 362 285 543 366; x_wconf 71' lang='lat' dir='ltr'>Engrams</span> <span class='ocrx_word' id='word_1_2' title='bbox 567 286 607 366; x_wconf 83' lang='lat' dir='ltr'>of</span> <span class='ocrx_word' id='word_1_3' title='bbox 624 286 773 347; x_wconf 79' lang='lat' dir='ltr'>Martial.</span> 
     </span>
    </p>
   </div>
   <div class='ocr_carea' id='block_1_2' title="bbox 172 535 960 710">
    <p class='ocr_par' dir='ltr' id='par_1_2' title="bbox 172 535 960 710">
     <span class='ocr_line' id='line_1_2' title="bbox 172 535 960 615; baseline 0.006 -23"><span class='ocrx_word' id='word_1_4' title='bbox 172 537 209 593; x_wconf 90' lang='lat' dir='ltr'>Is</span> <span class='ocrx_word' id='word_1_5' title='bbox 226 535 300 592; x_wconf 93' lang='lat' dir='ltr'>mihi</span> <span class='ocrx_word' id='word_1_6' title='bbox 318 536 441 595; x_wconf 86' lang='lat' dir='ltr'>“Dives</span> <span class='ocrx_word' id='word_1_7' title='bbox 457 537 525 608; x_wconf 86' lang='lat' dir='ltr'>eris,</span> <span class='ocrx_word' id='word_1_8' title='bbox 543 537 569 595; x_wconf 93' lang='lat' dir='ltr'>si</span> <span class='ocrx_word' id='word_1_9' title='bbox 585 557 694 596; x_wconf 84' lang='lat' dir='ltr'>causas</span> <span class='ocrx_word' id='word_1_10' title='bbox 711 538 810 614; x_wconf 89' lang='lat' dir='ltr'>egeris</span> <span class='ocrx_word' id='word_1_11' title='bbox 821 539 837 563; x_wconf 90' lang='lat'>&#39;&#39;</span> <span class='ocrx_word' id='word_1_12' title='bbox 854 539 960 615; x_wconf 89' lang='lat' dir='ltr'>inquit.</span> 
     </span>
     <span class='ocr_line' id='line_1_3' title="bbox 219 633 920 710; baseline 0.003 -20"><span class='ocrx_word' id='word_1_13' title='bbox 219 633 313 706; x_wconf 90' lang='lat' dir='ltr'>Quod</span> <span class='ocrx_word' id='word_1_14' title='bbox 328 644 401 709; x_wconf 91' lang='lat' dir='ltr'>peto</span> <span class='ocrx_word' id='word_1_15' title='bbox 416 633 465 706; x_wconf 88' lang='lat' dir='ltr'>da,</span> <span class='ocrx_word' id='word_1_16' title='bbox 482 634 559 692; x_wconf 89' lang='lat' dir='ltr'>Gai:</span> <span class='ocrx_word' id='word_1_17' title='bbox 582 654 644 692; x_wconf 93' lang='lat' dir='ltr'>non</span> <span class='ocrx_word' id='word_1_18' title='bbox 660 645 732 710; x_wconf 90' lang='lat' dir='ltr'>peto</span> <span class='ocrx_word' id='word_1_19' title='bbox 748 635 920 695; x_wconf 90' lang='lat' dir='ltr'>consilium.</span> 
     </span>
    </p>
   </div>
   <div class='ocr_carea' id='block_1_3' title="bbox 442 790 709 873">
    <p class='ocr_par' dir='ltr' id='par_1_3' title="bbox 442 790 709 873">
     <span class='ocr_line' id='line_1_4' title="bbox 442 790 709 873; baseline 0 -23"><span class='ocrx_word' id='word_1_20' title='bbox 442 790 487 852; x_wconf 81' lang='lat'>21.</span> <span class='ocrx_word' id='word_1_21' title='bbox 531 793 588 871; x_wconf 91' lang='lat' dir='ltr'>(II.</span> <span class='ocrx_word' id='word_1_22' title='bbox 612 796 709 873; x_wconf 69' lang='grc' dir='ltr'>κων.)</span> 
     </span>
    </p>
   </div>
   <div class='ocr_carea' id='block_1_4' title="bbox 133 906 1052 2126">
    <p class='ocr_par' dir='ltr' id='par_1_4' title="bbox 133 906 1052 2126">
     <span class='ocr_line' id='line_1_5' title="bbox 133 906 1005 957; baseline 0 -12"><span class='ocrx_word' id='word_1_23' title='bbox 133 907 158 945; x_wconf 80' lang='grc' dir='ltr'>Α</span> <span class='ocrx_word' id='word_1_24' title='bbox 177 906 260 955; x_wconf 76' lang='lat' dir='ltr'>cratty</span> <span class='ocrx_word' id='word_1_25' title='bbox 279 906 363 946; x_wconf 79' lang='lat' dir='ltr'>device</span> <span class='ocrx_word' id='word_1_26' title='bbox 378 906 403 947; x_wconf 78' lang='lat' dir='ltr'>ot</span> <span class='ocrx_word' id='word_1_27' title='bbox 418 918 433 947; x_wconf 81' lang='grc' dir='ltr'>ι</span> <span class='ocrx_word' id='word_1_28' title='bbox 447 917 531 946; x_wconf 82' lang='lat' dir='ltr'>usurer</span> <span class='ocrx_word' id='word_1_29' title='bbox 546 911 572 947; x_wconf 86' lang='lat' dir='ltr'>to</span> <span class='ocrx_word' id='word_1_30' title='bbox 589 908 662 947; x_wconf 80' lang='lat' dir='ltr'>avoid</span> <span class='ocrx_word' id='word_1_31' title='bbox 679 907 752 957; x_wconf 75' lang='lat' dir='ltr'>being</span> <span class='ocrx_word' id='word_1_32' title='bbox 767 909 843 948; x_wconf 79' lang='lat' dir='ltr'>asked</span> <span class='ocrx_word' id='word_1_33' title='bbox 857 907 895 948; x_wconf 78' lang='lat' dir='ltr'>tor</span> <span class='ocrx_word' id='word_1_34' title='bbox 909 919 924 948; x_wconf 74' lang='lat' dir='ltr'>a</span> <span class='ocrx_word' id='word_1_35' title='bbox 940 909 1005 949; x_wconf 74' lang='lat' dir='ltr'>loun.</span> 
     </span>
     <span class='ocr_line' id='line_1_6' title="bbox 260 991 827 1067; baseline 0.002 -20"><span class='ocrx_word' id='word_1_36' title='bbox 260 991 327 1047; x_wconf 86' lang='lat' dir='ltr'>Emi</span> <span class='ocrx_word' id='word_1_37' title='bbox 343 1010 398 1058; x_wconf 93' lang='lat' dir='ltr'>seu</span> <span class='ocrx_word' id='word_1_38' title='bbox 413 1009 542 1067; x_wconf 86' lang='lat' dir='ltr'>puerum</span> <span class='ocrx_word' id='word_1_39' title='bbox 558 1001 701 1067; x_wconf 84' lang='lat' dir='ltr'>togamve</span> <span class='ocrx_word' id='word_1_40' title='bbox 717 1010 827 1066; x_wconf 84' lang='lat' dir='ltr'>pexam</span> 
     </span>
     <span class='ocr_line' id='line_1_7' title="bbox 262 1086 879 1162; baseline 0.005 -20"><span class='ocrx_word' id='word_1_41' title='bbox 262 1086 322 1142; x_wconf 89' lang='lat' dir='ltr'>Seu</span> <span class='ocrx_word' id='word_1_42' title='bbox 337 1095 408 1156; x_wconf 90' lang='lat' dir='ltr'>tres,</span> <span class='ocrx_word' id='word_1_43' title='bbox 425 1095 458 1144; x_wconf 92' lang='lat' dir='ltr'>ut</span> <span class='ocrx_word' id='word_1_44' title='bbox 475 1095 559 1162; x_wconf 88' lang='lat' dir='ltr'>puta,</span> <span class='ocrx_word' id='word_1_45' title='bbox 577 1097 760 1162; x_wconf 88' lang='lat' dir='ltr'>quattuorve</span> <span class='ocrx_word' id='word_1_46' title='bbox 776 1086 879 1158; x_wconf 82' lang='lat' dir='ltr'>libraS,</span> 
     </span>
     <span class='ocr_line' id='line_1_8' title="bbox 260 1182 1052 1260; baseline 0.001 -21"><span class='ocrx_word' id='word_1_47' title='bbox 260 1183 370 1240; x_wconf 86' lang='lat' dir='ltr'>Sextus</span> <span class='ocrx_word' id='word_1_48' title='bbox 385 1183 526 1258; x_wconf 89' lang='lat' dir='ltr'>protinus</span> <span class='ocrx_word' id='word_1_49' title='bbox 542 1182 592 1239; x_wconf 85' lang='lat' dir='ltr'>ilie</span> <span class='ocrx_word' id='word_1_50' title='bbox 608 1183 772 1258; x_wconf 79' lang='lat' dir='ltr'>fenerator,</span> <span class='ocrx_word' id='word_1_51' title='bbox 1037 1204 1052 1260; x_wconf 86' lang='lat'>5</span> 
     </span>
     <span class='ocr_line' id='line_1_9' title="bbox 258 1278 907 1352; baseline 0.003 -18"><span class='ocrx_word' id='word_1_52' title='bbox 258 1278 360 1350; x_wconf 88' lang='lat' dir='ltr'>Quem</span> <span class='ocrx_word' id='word_1_53' title='bbox 376 1279 473 1336; x_wconf 91' lang='lat' dir='ltr'>nostis</span> <span class='ocrx_word' id='word_1_54' title='bbox 489 1287 624 1336; x_wconf 90' lang='lat' dir='ltr'>veterem</span> <span class='ocrx_word' id='word_1_55' title='bbox 641 1298 743 1336; x_wconf 91' lang='lat' dir='ltr'>meum</span> <span class='ocrx_word' id='word_1_56' title='bbox 759 1279 907 1352; x_wconf 89' lang='lat' dir='ltr'>sodalem,</span> 
     </span>
     <span class='ocr_line' id='line_1_10' title="bbox 260 1374 890 1452; baseline 0.005 -21"><span class='ocrx_word' id='word_1_57' title='bbox 260 1377 307 1432; x_wconf 90' lang='lat' dir='ltr'>Ne</span> <span class='ocrx_word' id='word_1_58' title='bbox 323 1374 397 1450; x_wconf 87' lang='lat' dir='ltr'>quid</span> <span class='ocrx_word' id='word_1_59' title='bbox 412 1375 492 1432; x_wconf 80' lang='lat' dir='ltr'>forte</span> <span class='ocrx_word' id='word_1_60' title='bbox 507 1384 611 1450; x_wconf 87' lang='lat' dir='ltr'>petam</span> <span class='ocrx_word' id='word_1_61' title='bbox 627 1375 713 1432; x_wconf 89' lang='lat' dir='ltr'>timet</span> <span class='ocrx_word' id='word_1_62' title='bbox 729 1385 890 1452; x_wconf 89' lang='lat' dir='ltr'>cavetque,</span> 
     </span>
     <span class='ocr_line' id='line_1_11' title="bbox 260 1471 870 1543; baseline 0.005 -15"><span class='ocrx_word' id='word_1_63' title='bbox 260 1473 298 1528; x_wconf 90' lang='lat' dir='ltr'>Et</span> <span class='ocrx_word' id='word_1_64' title='bbox 315 1489 429 1542; x_wconf 91' lang='lat' dir='ltr'>secum,</span> <span class='ocrx_word' id='word_1_65' title='bbox 446 1471 501 1529; x_wconf 91' lang='lat' dir='ltr'>sed</span> <span class='ocrx_word' id='word_1_66' title='bbox 517 1480 550 1529; x_wconf 92' lang='lat' dir='ltr'>ut</span> <span class='ocrx_word' id='word_1_67' title='bbox 566 1472 698 1543; x_wconf 85' lang='lat' dir='ltr'>audiam,</span> <span class='ocrx_word' id='word_1_68' title='bbox 715 1481 870 1531; x_wconf 87' lang='lat' dir='ltr'>susurrat:</span> 
     </span>
     <span class='ocr_line' id='line_1_12' title="bbox 260 1567 801 1643; baseline 0.002 -18"><span class='ocrx_word' id='word_1_69' title='bbox 260 1568 416 1643; x_wconf 86' lang='lat' dir='ltr'>“Septem</span> <span class='ocrx_word' id='word_1_70' title='bbox 432 1567 516 1625; x_wconf 89' lang='lat' dir='ltr'>milia</span> <span class='ocrx_word' id='word_1_71' title='bbox 531 1568 631 1626; x_wconf 90' lang='lat' dir='ltr'>debeo</span> <span class='ocrx_word' id='word_1_72' title='bbox 649 1568 801 1639; x_wconf 87' lang='lat' dir='ltr'>Secund0,</span> 
     </span>
     <span class='ocr_line' id='line_1_13' title="bbox 260 1663 1052 1740; baseline 0.004 -20"><span class='ocrx_word' id='word_1_73' title='bbox 260 1663 387 1722; x_wconf 89' lang='lat' dir='ltr'>Phoebo</span> <span class='ocrx_word' id='word_1_74' title='bbox 403 1673 555 1740; x_wconf 87' lang='lat' dir='ltr'>quattuor,</span> <span class='ocrx_word' id='word_1_75' title='bbox 573 1664 717 1722; x_wconf 84' lang='lat' dir='ltr'>undecim</span> <span class='ocrx_word' id='word_1_76' title='bbox 734 1664 864 1736; x_wconf 85' lang='lat' dir='ltr'>Philet0,</span> <span class='ocrx_word' id='word_1_77' title='bbox 1017 1688 1052 1723; x_wconf 93' lang='lat'>10</span> 
     </span>
     <span class='ocr_line' id='line_1_14' title="bbox 261 1760 904 1836; baseline -0.002 -18"><span class='ocrx_word' id='word_1_78' title='bbox 261 1763 299 1818; x_wconf 88' lang='lat' dir='ltr'>Et</span> <span class='ocrx_word' id='word_1_79' title='bbox 314 1761 471 1836; x_wconf 90' lang='lat' dir='ltr'>quadrans</span> <span class='ocrx_word' id='word_1_80' title='bbox 487 1760 560 1817; x_wconf 95' lang='lat' dir='ltr'>mihi</span> <span class='ocrx_word' id='word_1_81' title='bbox 577 1760 678 1818; x_wconf 91' lang='lat' dir='ltr'>nullus</span> <span class='ocrx_word' id='word_1_82' title='bbox 694 1770 741 1818; x_wconf 89' lang='lat' dir='ltr'>est</span> <span class='ocrx_word' id='word_1_83' title='bbox 757 1761 787 1817; x_wconf 92' lang='lat' dir='ltr'>in</span> <span class='ocrx_word' id='word_1_84' title='bbox 804 1762 904 1819; x_wconf 89' lang='lat' dir='ltr'>arca.”</span> 
     </span>
     <span class='ocr_line' id='line_1_15' title="bbox 261 1856 817 1933; baseline 0 -19"><span class='ocrx_word' id='word_1_85' title='bbox 261 1856 288 1914; x_wconf 95' lang='lat' dir='ltr'>O</span> <span class='ocrx_word' id='word_1_86' title='bbox 303 1856 420 1932; x_wconf 88' lang='lat' dir='ltr'>grande</span> <span class='ocrx_word' id='word_1_87' title='bbox 437 1856 592 1933; x_wconf 88' lang='lat' dir='ltr'>ingenium</span> <span class='ocrx_word' id='word_1_88' title='bbox 609 1857 668 1914; x_wconf 90' lang='lat' dir='ltr'>mei</span> <span class='ocrx_word' id='word_1_89' title='bbox 684 1857 817 1915; x_wconf 82' lang='lat' dir='ltr'>sodalis!</span> 
     </span>
     <span class='ocr_line' id='line_1_16' title="bbox 261 1953 935 2029; baseline 0.003 -20"><span class='ocrx_word' id='word_1_90' title='bbox 261 1954 379 2010; x_wconf 90' lang='lat' dir='ltr'>Durum</span> <span class='ocrx_word' id='word_1_91' title='bbox 395 1962 450 2024; x_wconf 92' lang='lat' dir='ltr'>est,</span> <span class='ocrx_word' id='word_1_92' title='bbox 469 1954 569 2024; x_wconf 85' lang='lat' dir='ltr'>Sexte,</span> <span class='ocrx_word' id='word_1_93' title='bbox 587 1972 707 2029; x_wconf 84' lang='lat' dir='ltr'>negare,</span> <span class='ocrx_word' id='word_1_94' title='bbox 725 1972 794 2011; x_wconf 91' lang='lat' dir='ltr'>curn</span> <span class='ocrx_word' id='word_1_95' title='bbox 810 1953 935 2029; x_wconf 90' lang='lat' dir='ltr'>rogaris,</span> 
     </span>
     <span class='ocr_line' id='line_1_17' title="bbox 260 2049 850 2126; baseline 0.005 -20"><span class='ocrx_word' id='word_1_96' title='bbox 260 2049 385 2121; x_wconf 90' lang='lat' dir='ltr'>Quanto</span> <span class='ocrx_word' id='word_1_97' title='bbox 402 2049 517 2121; x_wconf 92' lang='lat' dir='ltr'>durius,</span> <span class='ocrx_word' id='word_1_98' title='bbox 535 2059 701 2126; x_wconf 88' lang='lat' dir='ltr'>antequam</span> <span class='ocrx_word' id='word_1_99' title='bbox 717 2049 850 2126; x_wconf 76' lang='lat' dir='ltr'>rogeris!</span> 
     </span>
    </p>
   </div>
   <div class='ocr_carea' id='block_1_5' title="bbox 440 2212 711 2294">
    <p class='ocr_par' dir='ltr' id='par_1_5' title="bbox 440 2212 711 2294">
     <span class='ocr_line' id='line_1_18' title="bbox 440 2212 711 2294; baseline 0.004 -21"><span class='ocrx_word' id='word_1_100' title='bbox 440 2212 486 2275; x_wconf 84' lang='lat'>22.</span> <span class='ocrx_word' id='word_1_101' title='bbox 531 2216 588 2294; x_wconf 86' lang='grc' dir='ltr'><strong>(ΙΙ,</strong></span> <span class='ocrx_word' id='word_1_102' title='bbox 612 2214 711 2293; x_wconf 75' lang='lat' dir='ltr'>cvm.)</span> 
     </span>
    </p>
   </div>
   <div class='ocr_carea' id='block_1_6' title="bbox 423 2345 725 2395">
    <p class='ocr_par' dir='ltr' id='par_1_6' title="bbox 423 2345 725 2395">
     <span class='ocr_line' id='line_1_19' title="bbox 423 2345 725 2395; baseline 0 -9"><span class='ocrx_word' id='word_1_103' title='bbox 423 2345 485 2386; x_wconf 83' lang='lat' dir='ltr'>Poor</span> <span class='ocrx_word' id='word_1_104' title='bbox 498 2347 542 2386; x_wconf 88' lang='lat' dir='ltr'>but</span> <span class='ocrx_word' id='word_1_105' title='bbox 556 2346 725 2395; x_wconf 80' lang='lat' dir='ltr'>independent,</span> 
     </span>
    </p>
   </div>
   <div class='ocr_carea' id='block_1_7' title="bbox 147 2446 1050 2618">
    <p class='ocr_par' dir='ltr' id='par_1_7' title="bbox 147 2446 1050 2618">
     <span class='ocr_line' id='line_1_20' title="bbox 147 2446 1050 2526; baseline 0.003 -23"><span class='ocrx_word' id='word_1_106' title='bbox 147 2447 276 2506; x_wconf 85' lang='lat' dir='ltr'>Pexatus</span> <span class='ocrx_word' id='word_1_107' title='bbox 291 2447 419 2524; x_wconf 90' lang='lat' dir='ltr'>pulchre</span> <span class='ocrx_word' id='word_1_108' title='bbox 435 2447 517 2504; x_wconf 89' lang='lat' dir='ltr'>rides</span> <span class='ocrx_word' id='word_1_109' title='bbox 533 2465 609 2517; x_wconf 89' lang='lat' dir='ltr'>mea,</span> <span class='ocrx_word' id='word_1_110' title='bbox 626 2446 718 2517; x_wconf 88' lang='lat' dir='ltr'>Zoile,</span> <span class='ocrx_word' id='word_1_111' title='bbox 735 2447 813 2505; x_wconf 86' lang='lat' dir='ltr'>trita.</span> <span class='ocrx_word' id='word_1_112' title='bbox 1017 2468 1050 2526; x_wconf 85' lang='lat'>15</span> 
     </span>
     <span class='ocr_line' id='line_1_21' title="bbox 183 2542 945 2618; baseline 0 -16"><span class='ocrx_word' id='word_1_113' title='bbox 183 2544 259 2602; x_wconf 89' lang='lat' dir='ltr'>Sunt</span> <span class='ocrx_word' id='word_1_114' title='bbox 274 2543 351 2600; x_wconf 86' lang='lat' dir='ltr'>haec</span> <span class='ocrx_word' id='word_1_115' title='bbox 367 2543 438 2601; x_wconf 85' lang='lat' dir='ltr'>trita</span> <span class='ocrx_word' id='word_1_116' title='bbox 453 2542 586 2618; x_wconf 87' lang='lat' dir='ltr'>quidem,</span> <span class='ocrx_word' id='word_1_117' title='bbox 603 2542 694 2613; x_wconf 89' lang='lat' dir='ltr'>Zoile,</span> <span class='ocrx_word' id='word_1_118' title='bbox 711 2544 766 2601; x_wconf 91' lang='lat' dir='ltr'>sed</span> <span class='ocrx_word' id='word_1_119' title='bbox 782 2562 850 2602; x_wconf 91' lang='lat' dir='ltr'>mea</span> <span class='ocrx_word' id='word_1_120' title='bbox 865 2553 945 2603; x_wconf 92' lang='lat' dir='ltr'>sunt.</span> 
     </span>
    </p>
   </div>
   <div class='ocr_carea' id='block_1_8' title="bbox 112 2786 1052 3366">
    <p class='ocr_par' dir='ltr' id='par_1_8' title="bbox 135 2786 1052 3142">
     <span class='ocr_line' id='line_1_22' title="bbox 136 2786 1052 2846; baseline 0.003 -16"><span class='ocrx_word' id='word_1_121' title='bbox 136 2795 154 2840; x_wconf 84' lang='lat'>3.</span> <span class='ocrx_word' id='word_1_122' title='bbox 167 2786 237 2833; x_wconf 78' lang='lat' dir='ltr'>Emi:</span> <span class='ocrx_word' id='word_1_123' title='bbox 255 2788 280 2832; x_wconf 86' lang='lat' dir='ltr'>‘I</span> <span class='ocrx_word' id='word_1_124' title='bbox 292 2789 351 2831; x_wconf 90' lang='lat' dir='ltr'>have</span> <span class='ocrx_word' id='word_1_125' title='bbox 361 2787 463 2843; x_wconf 63' lang='lat' dir='ltr'>bought!</span> <span class='ocrx_word' id='word_1_126' title='bbox 633 2801 666 2831; x_wconf 83' lang='grc' dir='ltr'>ιι.</span> <span class='ocrx_word' id='word_1_127' title='bbox 685 2788 832 2843; x_wconf 81' lang='lat' dir='ltr'>Quadrnns:</span> <span class='ocrx_word' id='word_1_128' title='bbox 844 2788 975 2845; x_wconf 68' lang='lat' dir='ltr'>‘sarthing’</span> <span class='ocrx_word' id='word_1_129' title='bbox 989 2789 1052 2846; x_wconf 87' lang='lat' dir='ltr'>‘cop-</span> 
     </span>
     <span class='ocr_line' id='line_1_23' title="bbox 136 2861 996 2918; baseline 0 -13"><span class='ocrx_word' id='word_1_130' title='bbox 136 2870 153 2915; x_wconf 84' lang='lat'>3.</span> <span class='ocrx_word' id='word_1_131' title='bbox 166 2862 274 2907; x_wconf 81' lang='lat' dir='ltr'>Puerum</span> <span class='ocrx_word' id='word_1_132' title='bbox 297 2861 410 2906; x_wconf 75' lang='lat' dir='ltr'>‘aslave’</span> <span class='ocrx_word' id='word_1_133' title='bbox 602 2864 669 2918; x_wconf 89' lang='lat' dir='ltr'>per;&#39;</span> <span class='ocrx_word' id='word_1_134' title='bbox 685 2861 724 2905; x_wconf 85' lang='lat' dir='ltr'>the</span> <span class='ocrx_word' id='word_1_135' title='bbox 734 2861 814 2904; x_wconf 73' lang='lat' dir='ltr'>fourth</span> <span class='ocrx_word' id='word_1_136' title='bbox 825 2868 876 2918; x_wconf 81' lang='lat' dir='ltr'>part</span> <span class='ocrx_word' id='word_1_137' title='bbox 888 2862 912 2904; x_wconf 84' lang='lat' dir='ltr'>oi</span> <span class='ocrx_word' id='word_1_138' title='bbox 922 2876 952 2905; x_wconf 85' lang='lat' dir='ltr'>an</span> <span class='ocrx_word' id='word_1_139' title='bbox 963 2876 996 2905; x_wconf 91' lang='lat' dir='ltr'>as.</span> 
     </span>
     <span class='ocr_line' id='line_1_24' title="bbox 136 2936 1052 2994; baseline 0.001 -15"><span class='ocrx_word' id='word_1_140' title='bbox 136 2945 153 2989; x_wconf 85' lang='lat'>3.</span> <span class='ocrx_word' id='word_1_141' title='bbox 167 2936 274 2981; x_wconf 82' lang='lat' dir='ltr'>Pexam:</span> <span class='ocrx_word' id='word_1_142' title='bbox 291 2936 359 2980; x_wconf 86' lang='lat' dir='ltr'>‘with</span> <span class='ocrx_word' id='word_1_143' title='bbox 372 2936 426 2993; x_wconf 87' lang='lat' dir='ltr'>long</span> <span class='ocrx_word' id='word_1_144' title='bbox 437 2937 496 2992; x_wconf 85' lang='lat' dir='ltr'>nap’</span> <span class='ocrx_word' id='word_1_145' title='bbox 633 2949 665 2994; x_wconf 82' lang='lat'>15.</span> <span class='ocrx_word' id='word_1_146' title='bbox 682 2937 807 2980; x_wconf 80' lang='lat' dir='ltr'>Pexatus:</span> <span class='ocrx_word' id='word_1_147' title='bbox 833 2938 946 2993; x_wconf 85' lang='lat' dir='ltr'>‘wearing</span> <span class='ocrx_word' id='word_1_148' title='bbox 962 2951 976 2980; x_wconf 92' lang='lat' dir='ltr'>a</span> <span class='ocrx_word' id='word_1_149' title='bbox 996 2941 1052 2993; x_wconf 83' lang='lat' dir='ltr'>toga</span> 
     </span>
     <span class='ocr_line' id='line_1_25' title="bbox 135 3010 1051 3070; baseline -0.001 -15"><span class='ocrx_word' id='word_1_150' title='bbox 135 3021 154 3063; x_wconf 77' lang='lat'>4.</span> <span class='ocrx_word' id='word_1_151' title='bbox 172 3011 290 3070; x_wconf 75' lang='lat' dir='ltr'>Utputa:</span> <span class='ocrx_word' id='word_1_152' title='bbox 307 3012 356 3055; x_wconf 78' lang='lat' dir='ltr'>‘ior</span> <span class='ocrx_word' id='word_1_153' title='bbox 367 3013 484 3055; x_wconf 66' lang='lat' dir='ltr'>instance)</span> <span class='ocrx_word' id='word_1_154' title='bbox 602 3011 657 3054; x_wconf 87' lang='lat' dir='ltr'>with</span> <span class='ocrx_word' id='word_1_155' title='bbox 679 3010 734 3067; x_wconf 88' lang='lat' dir='ltr'>long</span> <span class='ocrx_word' id='word_1_156' title='bbox 754 3013 815 3068; x_wconf 79' lang='lat' dir='ltr'>nap,&#39;</span> <span class='ocrx_word' id='word_1_157' title='bbox 835 3011 924 3066; x_wconf 71' lang='lat' dir='ltr'>‘sleek‚&#39;</span> <span class='ocrx_word' id='word_1_158' title='bbox 941 3012 1051 3067; x_wconf 83' lang='lat' dir='ltr'>‘smartly</span> 
     </span>
     <span class='ocr_line' id='line_1_26' title="bbox 135 3085 708 3142; baseline -0.002 -13"><span class='ocrx_word' id='word_1_159' title='bbox 135 3095 154 3137; x_wconf 84' lang='lat'>4.</span> <span class='ocrx_word' id='word_1_160' title='bbox 167 3085 297 3130; x_wconf 81' lang='lat' dir='ltr'>Libras:</span> <span class='ocrx_word' id='word_1_161' title='bbox 314 3086 421 3142; x_wconf 89' lang='lat' dir='ltr'>‘ponnds</span> <span class='ocrx_word' id='word_1_162' title='bbox 430 3086 448 3140; x_wconf 88' lang='lat'>;’</span> <span class='ocrx_word' id='word_1_163' title='bbox 467 3099 514 3139; x_wconf 87' lang='lat' dir='ltr'>say,</span> <span class='ocrx_word' id='word_1_164' title='bbox 526 3085 550 3128; x_wconf 84' lang='lat' dir='ltr'>of</span> <span class='ocrx_word' id='word_1_165' title='bbox 601 3085 708 3130; x_wconf 68' lang='lat' dir='ltr'>dressed)</span> 
     </span>
    </p>

    <p class='ocr_par' dir='ltr' id='par_1_9' title="bbox 112 3151 1052 3366">
     <span class='ocr_line' id='line_1_27' title="bbox 112 3151 1052 3217; baseline 0.003 -19"><span class='ocrx_word' id='word_1_166' title='bbox 112 3151 267 3215; x_wconf 83' lang='lat' dir='ltr'>frankincense,</span> <span class='ocrx_word' id='word_1_167' title='bbox 278 3174 304 3204; x_wconf 91' lang='lat' dir='ltr'>or</span> <span class='ocrx_word' id='word_1_168' title='bbox 314 3174 407 3217; x_wconf 87' lang='lat' dir='ltr'>pepper.</span> <span class='ocrx_word' id='word_1_169' title='bbox 632 3171 664 3216; x_wconf 84' lang='lat'>15.</span> <span class='ocrx_word' id='word_1_170' title='bbox 681 3159 739 3201; x_wconf 76' lang='lat' dir='ltr'>Mea</span> <span class='ocrx_word' id='word_1_171' title='bbox 756 3191 760 3201; x_wconf 94' lang='lat'>.</span> <span class='ocrx_word' id='word_1_172' title='bbox 780 3191 785 3200; x_wconf 94' lang='lat'>.</span> <span class='ocrx_word' id='word_1_173' title='bbox 805 3191 810 3202; x_wconf 88' lang='lat'>.</span> <span class='ocrx_word' id='word_1_174' title='bbox 827 3160 887 3202; x_wconf 84' lang='lat' dir='ltr'>trita</span> <span class='ocrx_word' id='word_1_175' title='bbox 898 3172 905 3200; x_wconf 93' lang='grc'>.·</span> <span class='ocrx_word' id='word_1_176' title='bbox 922 3161 973 3213; x_wconf 86' lang='lat' dir='ltr'>‘my</span> <span class='ocrx_word' id='word_1_177' title='bbox 982 3172 1052 3201; x_wconf 84' lang='lat' dir='ltr'>worn·</span> 
     </span>
     <span class='ocr_line' id='line_1_28' title="bbox 137 3232 753 3289; baseline -0.003 -12"><span class='ocrx_word' id='word_1_178' title='bbox 137 3243 153 3288; x_wconf 83' lang='grc'>5.</span> <span class='ocrx_word' id='word_1_179' title='bbox 168 3235 311 3279; x_wconf 80' lang='lat' dir='ltr'>Fenerator:</span> <span class='ocrx_word' id='word_1_180' title='bbox 328 3236 424 3289; x_wconf 80' lang='lat' dir='ltr'>‘money</span> <span class='ocrx_word' id='word_1_181' title='bbox 435 3233 526 3278; x_wconf 88' lang='lat' dir='ltr'>lender.&#39;</span> <span class='ocrx_word' id='word_1_182' title='bbox 599 3238 640 3276; x_wconf 92' lang='lat' dir='ltr'>out</span> <span class='ocrx_word' id='word_1_183' title='bbox 651 3232 753 3276; x_wconf 66' lang='lat' dir='ltr'>clothes!</span> 
     </span>
     <span class='ocr_line' id='line_1_29' title="bbox 136 3304 1050 3366; baseline 0.002 -18"><span class='ocrx_word' id='word_1_184' title='bbox 136 3304 153 3348; x_wconf 88' lang='lat'>8.</span> <span class='ocrx_word' id='word_1_185' title='bbox 169 3309 287 3353; x_wconf 83' lang='lat' dir='ltr'>Susurrat</span> <span class='ocrx_word' id='word_1_186' title='bbox 294 3325 301 3352; x_wconf 89' lang='lat'><em>:</em></span> <span class='ocrx_word' id='word_1_187' title='bbox 324 3309 449 3363; x_wconf 86' lang='lat' dir='ltr'>‘mutters,&#39;</span> <span class='ocrx_word' id='word_1_188' title='bbox 470 3307 549 3350; x_wconf 89' lang='lat' dir='ltr'>‘whis-</span> <span class='ocrx_word' id='word_1_189' title='bbox 630 3318 664 3366; x_wconf 81' lang='lat'>15.</span> <span class='ocrx_word' id='word_1_190' title='bbox 680 3305 758 3350; x_wconf 81' lang='lat' dir='ltr'>Zoile:</span> <span class='ocrx_word' id='word_1_191' title='bbox 775 3319 812 3349; x_wconf 88' lang='lat' dir='ltr'>see</span> <span class='ocrx_word' id='word_1_192' title='bbox 822 3311 877 3350; x_wconf 86' lang='lat' dir='ltr'>note</span> <span class='ocrx_word' id='word_1_193' title='bbox 888 3320 918 3350; x_wconf 93' lang='lat' dir='ltr'>on</span> <span class='ocrx_word' id='word_1_194' title='bbox 929 3320 951 3363; x_wconf 89' lang='lat' dir='ltr'>p.</span> <span class='ocrx_word' id='word_1_195' title='bbox 963 3320 995 3362; x_wconf 72' lang='lat'>14,</span> <span class='ocrx_word' id='word_1_196' title='bbox 1007 3306 1021 3349; x_wconf 92' lang='lat' dir='ltr'>l.</span> <span class='ocrx_word' id='word_1_197' title='bbox 1033 3321 1050 3350; x_wconf 91' lang='lat'>1.</span> 
     </span>
    </p>
   </div>
   <div class='ocr_carea' id='block_1_9' title="bbox 112 3381 849 3434">
    <p class='ocr_par' dir='ltr' id='par_1_10' title="bbox 112 3381 849 3434">
     <span class='ocr_line' id='line_1_30' title="bbox 112 3381 849 3434; baseline 0.003 -2"><span class='ocrx_word' id='word_1_198' title='bbox 112 3381 168 3432; x_wconf 58' lang='grc' dir='ltr'>ΜΒ)</span> <span class='ocrx_word' id='word_1_199' title='bbox 836 3402 849 3434; x_wconf 78' lang='grc' dir='ltr'><strong><em>ο</em></strong></span> 
     </span>
    </p>
   </div>
   <div class='ocr_carea' id='block_1_10' title="bbox 0 0 1185 3976">
    <p class='ocr_par' dir='ltr' id='par_1_11' title="bbox 0 0 1185 3976">
     <span class='ocr_line' id='line_1_31' title="bbox 0 0 1185 3976; baseline 0 0"><span class='ocrx_word' id='word_1_200' title='bbox 0 0 1185 3976; x_wconf 95' lang='lat' dir='ltr'> </span> 
     </span>
    </p>
   </div>
  </div>
 </body>
</html>
