2356 3976
377 308 558 390 Epagrants
581 310 621 390 of
637 309 787 370 Martial.

408 776 456 838 29.
500 780 574 856 (III.
598 779 749 857 xxxvru.)

278 941 330 981 The
344 941 463 992 difficulty
479 943 504 983 ol
518 943 618 992 making
632 954 647 982 a
662 943 739 993 living
757 947 782 982 at
798 944 883 983 Rome.

94 1077 188 1151 Quae
204 1086 234 1135 te
250 1095 344 1136 causa
358 1076 451 1135 trahit
466 1076 515 1135 vel
530 1096 609 1153 quae
624 1077 737 1136 fiducia
755 1080 895 1149 Romam,

136 1175 256 1232 Sexte?
286 1173 360 1248 quid
375 1183 428 1232 aut
444 1193 550 1249 speras
565 1183 618 1231 aut
633 1174 712 1250 petis
728 1174 823 1234 inde?
845 1176 932 1234 refer.

94 1273 111 1299 “
124 1270 278 1341 Causas‚’'
295 1269 405 1346 inquis,
423 1273 440 1300 “
452 1289 541 1347 agam
559 1271 709 1328 Cicerone
726 1271 868 1329 disertior
883 1271 950 1347 ipso

138 1369 244 1441 Atque
259 1365 317 1424 erit
332 1365 362 1423 in
378 1366 489 1442 triplici
504 1386 560 1442 par
575 1367 649 1423 mihi
664 1386 755 1425 nemo
770 1368 866 1426 f0r0.''

99 1463 172 1540 Egit
187 1463 350 1521 Atestinus
365 1482 475 1522 causas
490 1473 520 1521 et
536 1463 620 1522 Civis
631 1497 672 1505 —
683 1473 844 1539 utrumque

139 1563 242 1619 Noras
253 1584 313 1632 —;
336 1560 391 1618 sed
407 1560 505 1618 neutri
520 1561 630 1636 pensio
645 1569 709 1618 tota
724 1561 791 1619 fuit.

105 1657 154 1715 “Si
168 1656 244 1714 nihil
260 1656 332 1714 hinc
347 1657 458 1727 veniet,
475 1666 647 1733 pangentur
663 1657 799 1715 carmina
814 1658 923 1717 nobis:

142 1753 292 1825 Audieris,
309 1754 394 1811 dices
409 1773 477 1811 esse
494 1754 632 1811 Maronis
648 1755 754 1829 opus.'’

110 1849 243 1908 lnsanis:
266 1869 373 1907 omnes
388 1849 498 1926 gelidis
514 1849 688 1926 quicunque
704 1851 835 1909 lacernis

144 1948 219 2006 Sunt
234 1946 286 2018 ibi,
304 1949 446 2005 Nasones
461 1947 676 2023 Vergiliosque
692 1947 787 2005 vides.
980 1998 983 2003 .
1021 1971 1055 2007 10

112 2043 208 2102 “Atria
223 2063 336 2120 magna
351 2043 480 2102 colam.”
522 2043 583 2100 Vix
597 2053 658 2101 tres
674 2053 726 2101 aut
742 2053 887 2118 quattuor
902 2044 961 2102 ista

145 2141 205 2199 Res
221 2140 304 2211 aluit,
321 2140 416 2216 pallet
431 2149 533 2197 cetera
548 2139 637 2198 turba
652 2140 743 2196 fame.

114 2231 215 2304 “Quid
226 2232 361 2291 faciam?
383 2233 478 2290 suade
492 2255 497 2289 :
521 2250 590 2288 narn
603 2242 718 2289 certum
731 2241 778 2289 est
790 2232 892 2290 vivere
907 2234 1054 2292 Romae.”

147 2329 175 2387 Si
189 2330 290 2388 bonus
305 2348 346 2401 es,
363 2348 437 2387 casu
451 2327 562 2399 vivere,
580 2329 679 2399 Sexte,
695 2337 792 2403 potes

136 2833 154 2875 4-
173 2824 274 2883 Triplici
293 2857 299 2868 .
321 2857 326 2868 ,
348 2857 353 2867 .
369 2824 440 2880 soro:
456 2823 553 2878 i.e.,Fo·
647 2833 668 2874 9.
686 2820 775 2864 Gelidis
795 2853 800 2864 .
822 2853 828 2865 .
850 2853 855 2864 .
875 2821 992 2865 lacernis:
1018 2822 1056 2864 ‘in

112 2899 156 2937 rum
172 2898 312 2954 Romanum,
327 2899 412 2942 Forum
429 2898 493 2952 Julli,
506 2897 552 2941 and
604 2894 739 2938 threadbare
752 2895 842 2950 (clrilly)
856 2894 949 2939 cloaks.’

113 2961 190 3016 Forum
211 2974 321 3030 Augusti,
346 2973 420 3017 where
444 2974 484 3017 the
509 2972 552 3016 law
634 2983 667 3012 ro.
683 2971 809 3014 Nasones:
826 2971 868 3024 i.e.‚
882 2970 962 3014 Ovids.

113 3049 181 3090 courts
191 3053 234 3092 sat.
635 3061 667 3090 rr.
685 3047 758 3090 Atria
783 3061 887 3104 magna:
914 3045 967 3089 ‘the
992 3051 1057 3101 great

137 3117 157 3162 6.
172 3120 269 3165 Pensio:
295 3121 349 3165 ‘the
369 3127 419 3165 rent
445 3121 469 3164 ol
494 3121 554 3164 tlreir
604 3121 702 3164 houses.’

113 3181 226 3252 lodgings.’
636 3208 668 3237 rr.
687 3195 766 3239 Colam
777 3210 784 3238 :
796 3196 820 3239 ‘I
830 3194 878 3238 will
889 3208 934 3252 pay
943 3199 1009 3238 court
1017 3195 1058 3237 to.'

140 3275 157 3319 7·
171 3269 332 3328 Fungentur:
353 3268 426 3312 ‘shall
447 3268 474 3312 be
495 3283 553 3312 com·
636 3281 668 3324 ¹3-
687 3270 811 3312 Certum
832 3275 884 3312 est:
908 3271 966 3312 ‘l’m
986 3269 1058 3313 deter-

116 3341 191 3389 ΡΜ)
605 3342 696 3386 mined.'

140 3412 158 3458 8.
172 3417 299 3462 Maronis:
316 3419 359 3472 i.e.,
370 3415 457 3474 Vergil.
