2356 3976
329 274 510 354 Epigrams
532 274 572 355 os
589 273 744 337 Martial.
975 278 1015 352 63

148 534 214 590 Iam
230 533 347 603 scrobe,
364 531 424 589 ianr
440 531 529 601 lecta,
546 533 607 588 iam
619 531 801 608 pollinctore
816 542 925 607 parato

189 629 345 687 Heredem
360 627 483 705 scripsit
498 647 546 686 me
563 631 683 687 Numa:
706 628 871 687 convaluit.

421 785 485 846 108.
532 790 602 866 (xi.
624 787 668 865 v.)

328 910 413 950 Praise
427 909 452 949 oi
465 910 507 949 the
522 909 639 960 Emperor
653 909 751 961 Trajan.

106 1005 210 1061 Tanta
225 1002 280 1061 tibi
295 1011 343 1060 est
357 1001 432 1059 recti
447 1001 627 1073 reverentia,
645 1004 770 1074 Caesar,
786 1013 817 1062 et
832 1003 931 1079 aequi,

148 1096 273 1168 Quanta
289 1097 409 1152 Numae
423 1094 541 1152 fuerat:
564 1094 620 1152 sed
637 1097 740 1152 Numa
755 1115 872 1172 pauper
887 1105 961 1154 erat.

107 1193 215 1250 Ardua
229 1210 278 1250 res
293 1192 370 1249 haec
385 1200 441 1263 est,
457 1191 569 1268 opibus
584 1211 646 1250 non
662 1192 783 1250 tradere
799 1212 898 1252 mores
1002 1211 1017 1269 5

149 1290 196 1360 Et,
212 1306 281 1345 cum
296 1295 342 1345 tot
357 1289 492 1345 Croesos
506 1287 625 1358 viceriS,
642 1306 711 1346 esse
727 1290 869 1346 Numam.

12 1435 17 1446 .
109 1385 141 1442 Si
156 1384 285 1442 redeant
298 1393 428 1456 veteres,
445 1383 583 1460 ingentia
598 1384 731 1457 nomina,
747 1393 859 1460 patres,

150 1480 286 1558 Elysium
302 1480 393 1539 liceat
408 1480 433 1539 si
448 1499 580 1540 vacuare
596 1500 724 1540 nemus:

107 1581 153 1636 Te
169 1578 250 1636 colet
264 1577 396 1636 invictus
411 1597 466 1654 pro
481 1577 623 1636 libertate
640 1578 798 1650 Camillus,

149 1678 266 1733 Aurum
283 1675 450 1746 Fabricius
466 1684 496 1733 te
512 1674 675 1747 tribuente,
691 1676 791 1747 volet;
984 1695 1019 1731 10

107 1775 154 1830 Te
169 1772 247 1830 duce
262 1772 410 1849 gaudebit
427 1774 546 1844 Brutus,
563 1771 618 1830 tibi
636 1772 719 1832 Sulla
735 1789 879 1831 cruentus

150 1869 315 1945 Imperium
331 1869 441 1941 tradet,
457 1888 526 1927 eum
541 1869 697 1946 positurus
713 1869 769 1927 erit
782 1893 788 1940 3

109 1969 147 2025 Et
163 1975 192 2024 te
208 1966 328 2042 privato
343 1984 412 2024 cum
428 1967 563 2024 Caesare
580 1967 715 2042 Magnus
730 1966 853 2037 amabit,

150 2063 287 2121 Donabit
302 2072 383 2121 totas
398 2071 429 2120 et
443 2061 500 2120 tibi
515 2063 646 2122 Crassus
661 2081 745 2138 opes.

109 2162 182 2235 Ipse
197 2178 320 2235 quoque
336 2157 465 2216 infernis
479 2168 641 2217 revocatus
657 2157 739 2216 Ditis
754 2158 793 2215 ab
809 2157 925 2216 umbris
984 2176 1017 2234 15

150 2256 181 2313 Si
198 2258 276 2314 Cato
292 2256 446 2324 reddatur,
464 2255 670 2314 Caesarianus
685 2255 750 2313 erit.

66 2407 223 2415 ——.

113 2517 132 2546 1.
149 2502 232 2546 Scrobe
239 2517 246 2545 .·
258 2501 312 2546 ‘the
320 2501 518 2558 trench,“grave.‘
601 2515 636 2560 ¹3·
651 2501 752 2545 Privato
770 2514 824 2544 cum
845 2500 959 2544 Caesare:
980 2503 1020 2545 ‘to

114 2591 133 2622 r.
149 2577 306 2620 Pollinctore:
328 2576 382 2620 ‘the
397 2576 518 2620 anointer'
569 2576 648 2633 gether
659 2574 715 2619 with
727 2573 804 2629 Julius
815 2575 901 2618 Caesar
912 2575 961 2619 ina
977 2576 1021 2632 pri·

25 2646 27 2653 ⁴
66 2652 91 2697 oi
101 2653 142 2696 the
153 2665 240 2708 corpse.
568 2650 734 2695 vatestation!

112 2738 132 2784 5.
153 2725 275 2769 Tradere:
292 2727 331 2769 ‘to
343 2725 477 2770 surrender!
600 2739 633 2783 13.
648 2725 774 2783 Magnus:
791 2738 822 2768 sc.
833 2725 967 2783 Pompeius.

111 2815 132 2856 9.
154 2800 207 2843 Te.
224 2833 229 2843 .
246 2832 251 2843 .
266 2801 388 2844 libertate:
410 2800 476 2845 ‘thee
486 2801 518 2844 in·
600 2814 634 2856 14·
651 2799 767 2844 Crassus:
785 2799 825 2843 the
833 2799 917 2844 richest
928 2801 1020 2844 Roman

67 2876 134 2921 stead
150 2876 175 2919 oi
191 2875 287 2930 liberty,'
298 2888 324 2918 or
334 2874 437 2933 possibly
448 2877 518 2920 invic·
569 2875 593 2918 oi
604 2874 641 2918 his
651 2875 715 2919 time.

67 2962 108 2999 tus
123 2960 170 3013 pro
189 2953 296 2997 libertate
322 2965 400 2995 means
420 2954 519 2995 ‘uncon
544 2968 546 2971 ·
601 2950 633 2993 16.
651 2950 724 2994 cato:
755 2963 786 2994 sc.
818 2950 943 3006 Uticensis,
968 2949 1020 2992 who

69 3030 155 3089 quered
166 3030 190 3072 in
202 3028 239 3072 his
250 3027 320 3085 rights
330 3028 367 3071 ior
377 3026 493 3071 freedom.’
569 3023 640 3069 killed
648 3024 741 3069 himself
752 3025 811 3070 after
819 3025 925 3070 Caesar’s
930 3025 1020 3080 victory

113 3123 134 3164 9.
152 3106 322 3150 Camillus:
349 3118 476 3162 conqueror
494 3104 519 3148 oi
569 3103 592 3144 in
604 3102 644 3146 the
655 3100 716 3145 Civil
728 3103 791 3145 War.

69 3188 110 3232 the
126 3184 199 3229 Gauls
217 3184 263 3229 and
279 3183 304 3226 oi
317 3183 377 3227 Veii.
600 3180 632 3222 16.
651 3178 830 3223 Caesarianus:
847 3177 891 3231 i.e.,
908 3189 938 3220 an
955 3175 1021 3219 adhe

100 3275 132 3305 ro.
149 3261 247 3304 Aurum
256 3275 263 3302 :
286 3258 405 3302 Fabricius
427 3254 518 3300 refused
569 3253 655 3298 rentot
667 3251 762 3310 Trajan.

67 3338 108 3382 the
118 3335 193 3379 brlbes
204 3335 229 3378 oi
240 3333 343 3388 Pyrrhus
353 3331 400 3376 and
410 3330 450 3375 the
461 3330 518 3387 gifts

68 3411 94 3457 of
104 3410 143 3455 the
154 3409 278 3455 Samnites.
