2356 3976
379 277 562 358 Engmms
586 277 627 358 of
642 276 794 339 Martial.

271 499 309 554 Et
324 497 446 554 sublata
460 497 593 555 volantis
609 516 711 574 ungue
730 499 867 573 Prognes

272 597 308 651 ln
324 594 398 652 nido
414 613 503 671 seges
518 604 565 653 est
580 595 797 667 hirundinin0;

269 693 329 748 Vix
344 691 452 768 implet
466 693 603 750 cocleam
618 702 744 768 peracta
759 691 878 764 messis,

271 791 309 846 Et
324 797 458 847 mustum
474 808 553 846 nuce
568 788 731 846 condimus
746 787 857 864 picata.

271 885 394 957 Errasti,
411 887 506 961 Lupe,
522 885 624 944 littera
639 886 694 943 sed
712 905 790 943 una:

271 984 351 1039 Nam
366 1001 427 1057 quo
442 992 580 1058 ternpore
594 982 754 1059 praedium
769 982 892 1063 dedisti,

270 1079 397 1136 Mallem
413 1088 446 1137 tu
462 1079 536 1135 mihi
551 1079 714 1155 prandium
730 1079 879 1136 dedisses.

431 1220 494 1281 110.
541 1225 612 1302 (ΧΙ.
635 1223 738 1301 xx1v.)

106 1353 160 1392 The
173 1357 231 1402 poet
244 1352 381 1402 complains
394 1353 449 1392 that
463 1352 494 1392 he
507 1356 600 1392 wastes
614 1356 656 1392 too
671 1351 743 1391 much
756 1352 817 1391 time
830 1352 855 1390 in
870 1352 1016 1391 attendance
1030 1361 1061 1390 on

439 1418 479 1458 his
493 1423 580 1468 patron
596 1418 722 1458 Labullus.

232 1505 312 1560 Dum
328 1512 358 1561 te
373 1521 544 1579 prosequor
559 1512 590 1560 et
605 1503 730 1561 domum
746 1502 870 1574 reduco,

231 1602 345 1657 Aurem
360 1600 433 1658 dum
449 1599 507 1658 tibi
522 1609 646 1675 praesto
660 1599 815 1676 garrienti,

150 1755 153 1761 ,
232 1699 270 1754 Et
284 1696 435 1772 quidquid
450 1695 585 1772 loqueris
599 1696 740 1772 facisque
756 1696 857 1768 laudo,
1028 1716 1063 1753 10

231 1793 316 1866 Quot
331 1812 438 1851 versus
453 1802 605 1869 poterant,
623 1793 761 1866 Labulle,
777 1793 880 1852 nasci!

232 1891 303 1948 Hoc
318 1890 464 1947 damnum
480 1889 536 1948 tibi
551 1909 613 1948 non
628 1890 749 1949 videtur
763 1909 841 1962 esse,

232 1985 264 2043 Si
280 1985 363 2061 quod
380 1987 479 2043 Roma
496 1985 579 2062 legit,
595 1985 723 2061 requirit
738 1986 860 2062 hospes,

232 2084 303 2141 Non
319 2082 438 2140 deridet
453 2101 557 2158 eques,
574 2092 659 2141 tenet
674 2092 806 2154 senator,

231 2180 352 2237 Laudat
367 2178 550 2250 causidicus,
567 2188 660 2254 poeta
675 2179 780 2255 carpit,
788 2212 824 2255 ..a
1028 2199 1061 2257 15

232 2277 360 2351 Propter
374 2285 404 2334 te
420 2275 549 2351 perit-
560 2276 620 2335 hoc
635 2276 773 2348 Labulle,
803 2267 810 2289 ³
897 2279 1022 2335 ‚est—?

233 2374 304 2430 Hoc
320 2373 482 2448 quisquam
498 2373 599 2431 ferat?
628 2382 661 2431 ut
676 2372 733 2431 tibi
748 2383 869 2431 tuorum

233 2464 279 2523 Sit
293 2464 390 2523 maior
405 2484 551 2523 numerus
566 2465 782 2542 togatulorum,

233 2561 393 2619 Librorum
410 2561 483 2618 mihi
500 2562 540 2620 sit
555 2563 654 2620 minor
670 2564 829 2621 meorum?

231 2657 372 2733 Triginta
386 2677 482 2733 prope
497 2657 558 2715 iarn
574 2658 683 2717 diebus
699 2677 760 2716 una
770 2668 822 2717 -est
1027 2679 1064 2716 20

233 2753 332 2811 Nobis
348 2754 462 2829 pagina
477 2754 527 2812 vix
542 2766 675 2830 peracta⁴
721 2755 770 2813 Sic
785 2755 828 2826 fit,

233 2851 311 2908 Cum
327 2868 437 2907 cenare
454 2851 538 2908 dorni
553 2862 645 2926 poeta
660 2871 721 2910 non
738 2851 811 2909 vult.

143 3121 161 3149 r.
182 3105 269 3162 Ungue
276 3121 283 3149 :
300 3106 341 3148 ‘in
352 3105 391 3148 the
402 3104 472 3150 claw!
657 3120 678 3163 4.
695 3107 821 3150 Murrum:
838 3109 900 3150 ‘new
911 3108 982 3150 wine'

143 3195 162 3223 ι.
178 3181 298 3237 Prognes:
314 3179 355 3222 ‘of
365 3194 379 3224 a
389 3179 504 3224 swallowr
657 3197 678 3238 4.
692 3183 792 3226 Picata:
811 3181 901 3226 ‘sealed
913 3182 968 3225 with
983 3184 1062 3240 pitch.'

142 3268 162 3298 2.
178 3255 365 3298 Hiruudim'no:
377 3254 547 3299 ‘aswallow’s’
657 3271 677 3312 9.
696 3257 834 3301 Garricnti:
852 3257 1009 3314 ‘chattering'

141 3344 162 3387 3.
179 3330 283 3373 Cocleam
291 3345 298 3373 :
315 3331 342 3373 ‘a
353 3329 413 3373 snail
425 3329 499 3374 shell.’
644 3328 677 3373 18.
698 3329 869 3387 Togalulorum
877 3345 884 3373 .·
901 3329 1012 3374 ‘clients'

142 3418 162 3462 3.
179 3405 283 3448 Peracta
291 3420 298 3448 .·
325 3403 455 3459 ‘finished‚'
484 3404 561 3460 ‘gath-

111 3479 165 3524 ered
177 3480 215 3521 in!
