2356 3976
289 310 471 391 Engrrams
493 311 533 390 of
549 311 703 373 Martz'al.

334 762 382 823 87.
427 766 531 843 (Vlll.
555 763 655 842 Lxrx.)

120 934 156 976 'l'o
170 947 185 976 a
199 936 267 975 critic
281 936 339 976 who
353 937 463 977 admired
478 947 509 976 no
524 937 624 976 authors
639 937 682 977 but
695 937 737 977 the
751 938 869 977 ancients.

223 1071 345 1130 Miraris
360 1081 489 1144 veteres,
505 1075 649 1145 Vacerra,
666 1074 756 1145 solos

222 1171 288 1226 Nec
304 1169 412 1227 laudas
427 1170 486 1227 nisi
502 1178 638 1228 mortuos
653 1180 770 1245 poetas

223 1267 372 1341 Ignoscas
387 1266 528 1342 petimus,
545 1268 696 1324 Vacerra:
720 1266 797 1324 tanti

222 1364 293 1419 Non
308 1372 364 1434 est,
380 1371 415 1421 ut
429 1363 568 1438 placeam
584 1363 649 1434 tibi,
666 1363 773 1438 perire.

320 1748 369 1810 88.
415 1751 519 1829 (VIII.
544 1754 667 1825 Lxxvr.)

82 1912 106 1952 lo
122 1923 137 1952 a
152 1911 231 1952 friend
244 1913 302 1952 who
320 1913 414 1964 begged
429 1913 467 1953 ior
481 1925 496 1953 a
511 1913 581 1953 {rank
597 1912 714 1953 criticism
729 1912 754 1953 of
768 1913 807 1953 his
822 1914 922 1963 literary

411 1979 587 2028 performance.

184 2117 200 2163 ‘.‘
214 2113 272 2171 Dic
286 2132 393 2171 verum
409 2113 491 2184 mihi,
510 2094 625 2185 Marce,
643 2113 692 2171 dic
708 2114 837 2184 amabo;
955 2131 970 2190 5

182 2209 233 2267 Nil
249 2219 305 2277 est,
322 2211 405 2285 quod
420 2209 518 2287 magis
534 2209 657 2268 audiam
672 2209 832 2268 libenter.''

183 2306 234 2364 Sic
249 2316 279 2364 et
294 2325 363 2363 cum
378 2306 490 2364 recitas
506 2316 575 2364 tuos
590 2306 719 2379 libellos,

183 2404 221 2461 Et
235 2421 359 2460 causam
376 2403 520 2478 quotiens
538 2403 604 2480 agis
620 2403 748 2475 clientis,

182 2498 270 2568 Oras,
287 2498 416 2572 Gallice,
434 2518 483 2557 me
499 2518 652 2576 rogasque
666 2518 795 2575 semper.

183 2595 300 2651 Durum
317 2604 364 2653 est
379 2614 427 2652 me
442 2594 508 2667 tibi,
525 2596 609 2671 quod
624 2595 713 2670 petis,
730 2614 852 2671 negare.
940 2617 974 2652 ro

182 2693 265 2749 Vero
280 2692 381 2749 verius
397 2710 469 2768 ergo
484 2692 558 2767 quid
573 2691 621 2763 sit,
638 2691 727 2750 audi:

183 2789 307 2859 Verum,
324 2785 452 2859 Gallice,
469 2806 531 2846 non
546 2787 676 2845 libenter
691 2787 789 2845 audis.

88 3270 199 3328 Ignoscas
225 3272 344 3330 petimus:
376 3272 401 3314 ‘l
432 3271 475 3328 beg
555 3284 574 3327 3.
597 3271 673 3314 Tanti
698 3286 744 3315 non
770 3277 815 3314 est:
838 3272 872 3315 ‘it
894 3272 914 3315 is
933 3277 974 3316 not

92 3344 195 3401 pardon!
525 3346 599 3389 worth
611 3360 648 3400 my
660 3345 741 3389 while!

556 3431 576 3479 5.
592 3420 697 3464 Amabo:
714 3419 820 3478 ‘please,’
834 3420 857 3464 ‘l
868 3419 925 3478 beg!
