2356 3976
323 301 503 382 Epagrmms
526 302 567 381 os
583 300 735 361 Martial.

364 595 413 657 47.
458 600 526 675 (IV.
551 597 696 672 lxxxix.)

389 742 503 792 Enough,
517 743 581 781 little
594 742 671 781 bookl

216 861 293 930 Ohe,
310 860 370 917 iam
387 860 462 917 satis
477 869 533 929 est,
549 860 618 929 ohe,
635 859 746 929 libelle,

217 959 282 1013 lam
298 956 493 1031 pervenimus
508 975 606 1030 usque
621 955 661 1012 ad
676 955 847 1013 umbilicos,

215 1054 264 1109 Tu
279 1053 446 1128 procedere
462 1053 564 1109 adhue
579 1062 610 1109 et
625 1052 668 1109 ire
683 1051 814 1127 quaeris

217 1152 284 1207 Nec
299 1168 419 1206 summa
434 1160 523 1224 potes
538 1149 568 1204 in
585 1147 694 1205 schida
707 1148 814 1217 teneri,

218 1246 268 1303 Sic
283 1255 430 1320 tanquam
447 1245 501 1302 tibi
517 1265 566 1302 res
581 1254 706 1319 peracta
721 1264 784 1301 non
799 1244 849 1314 sit,
992 1264 1006 1320 5

217 1342 305 1415 Quae
321 1342 419 1418 prima
435 1360 558 1416 quoque
574 1341 688 1416 pagina
703 1350 829 1415 peraeta
840 1350 896 1398 est.

220 1442 284 1496 lam
300 1439 396 1496 lector
411 1439 609 1514 queriturque
624 1438 799 1512 deficitque,

218 1538 284 1592 Iam
302 1535 445 1593 librarius
460 1536 518 1592 hoc
534 1544 564 1591 et
579 1535 645 1610 ipse
661 1534 735 1592 dicit

219 1636 236 1661 ‘⁴
248 1632 327 1701 ohe,
344 1632 403 1688 iam
420 1631 495 1688 satis
510 1640 565 1699 est,
582 1632 650 1700 ohe,
667 1631 800 1689 libelle.'’

423 1872 471 1931 48.
517 1876 567 1951 (v.
592 1880 648 1949 rx.)

94 2029 125 2057 >w
137 2021 180 2060 the
193 2025 258 2069 poet,
273 2021 346 2069 being
362 2032 377 2059 a
391 2020 455 2058 little
469 2020 620 2068 indisposed,
634 2030 689 2058 was
704 2020 776 2058 made
789 2019 865 2068 really
881 2019 908 2058 ill
922 2019 954 2066 by
968 2019 1011 2057 the

290 2088 349 2126 visit
363 2086 387 2126 ol
402 2098 417 2125 a
430 2086 559 2135 physician
573 2086 621 2124 and
635 2086 675 2124 his
688 2071 776 2135 pupils.

140 2206 358 2280 Languebam:
381 2204 436 2261 sed
449 2215 481 2260 tu
497 2203 661 2261 comitatus
675 2203 816 2278 protinus
831 2203 871 2260 ad
886 2222 935 2261 me
975 2225 1010 2261 10

178 2301 299 2358 Venisti
315 2310 448 2368 centum,
466 2300 657 2377 Symmache‚
674 2299 842 2375 discipulis.

140 2400 272 2456 Centum
290 2417 337 2454 me
354 2396 481 2473 tetigere
498 2415 607 2453 manus
623 2395 766 2470 aquilone
781 2397 919 2471 gelatae:

180 2497 250 2552 Non
266 2495 360 2552 habui
375 2494 502 2560 febrem,
519 2493 710 2570 Symmache‚
727 2512 808 2550 nunc
822 2493 932 2551 habeo

95 2807 350 2864 r.0l1c.·¹holdup!’
590 2822 611 2859 4.
628 2807 762 2850 Schida:
779 2809 882 2863 ‘page3’
903 2809 942 2852 the
957 2808 1013 2865 long

94 2896 112 2924 2.
131 2884 233 2927 Umbil
237 2885 246 2925 ι’
252 2897 312 2926 cos:
329 2883 435 2928 ‘bosses’
446 2882 510 2925 these
562 2896 664 2938 papyrus
684 2880 728 2924 roll
746 2895 793 2924 was
811 2881 878 2925 made
896 2883 921 2925 ol
940 2885 1013 2940 strips

94 2958 168 3001 rethe
178 2958 288 3000 knobsat
304 2957 343 3000 the
358 2957 416 2999 ends
431 2957 456 2998 ol
471 2957 510 2999 the
562 2957 644 3013 pasted
669 2957 782 3012 together.
808 2957 881 3000 called
910 2959 1013 3012 schidae,

94 3032 105 3075 l
116 3047 146 3075 on
158 3033 230 3076 which
247 3033 288 3075 the
305 3033 357 3075 MS.
368 3046 415 3074 was
432 3031 510 3074 rolled.
561 3033 646 3074 scidae.
655 3046 681 3073 or
692 3033 795 3074 schalae.

100 3109 232 3151 sometimes
247 3108 287 3150 tlre
301 3107 359 3149 ends
375 3107 399 3148 ol
414 3107 454 3149 the
469 3106 511 3148 rod
605 3106 627 3152 8.
644 3107 791 3149 Librarius:
808 3107 861 3149 ‘the
872 3108 978 3162 copyist)

94 3197 120 3225 ere
139 3182 253 3225 hollou'ed
276 3189 317 3224 out
338 3182 385 3224 and
406 3181 508 3237 painted,
592 3195 627 3226 ιο.
644 3182 814 3240 Langucbam:
833 3183 917 3226 ‘luas
928 3182 1014 3239 feeling

94 3258 164 3312 rming
179 3272 209 3299 an
225 3256 370 3298 ornamenlal
391 3263 468 3297 (entre
485 3262 511 3297 to
562 3257 638 3300 rather
649 3257 747 3312 poorly!

94 3331 206 3374 ecircular
215 3331 260 3373 end
272 3331 296 3372 ol
311 3331 350 3373 tlre
362 3330 429 3372 book.
594 3344 626 3372 12.
643 3332 685 3374 llc
702 3334 855 3389 tetigere:
868 3333 915 3378 i.e..
923 3332 964 3374 felt
975 3346 1012 3389 my

94 3419 114 3462 3.
129 3408 217 3449 Adhuc
226 3421 234 3448 .·
250 3405 312 3448 ‘still
322 3405 427 3449 lumbers
562 3405 635 3462 pulse.
