2356 3976
386 279 568 363 Eptgrams
591 282 631 361 of
648 281 798 343 Maniai

450 713 498 774 3⁰.
542 715 616 792 (III.
639 716 737 794 xmv.)

461 879 496 918 To
512 890 527 918 a
541 880 645 928 poetica!
660 879 725 919 bore.

236 1017 378 1077 Occurrit
394 1016 449 1074 tibi
467 1035 558 1073 nemo
573 1016 656 1090 quod
671 1016 811 1086 libenter,

236 1114 339 1188 Quod,
356 1131 550 1190 quacumque
565 1113 661 1183 venis,
676 1113 750 1188 iuga
765 1122 812 1170 est
827 1121 859 1170 et
873 1112 984 1189 ingens

239 1211 329 1270 Circa
343 1219 382 1281 te,
399 1209 553 1285 Ligurine,
569 1209 711 1279 solitud0,

236 1303 321 1376 Quid
336 1303 384 1374 sit,
402 1303 479 1361 scire
495 1302 605 1378 cupis?
648 1302 747 1360 Nimis
762 1312 856 1378 poeta
870 1321 913 1359 es.

241 1402 311 1458 Hoc
326 1400 415 1458 valde
431 1399 539 1457 vitium
553 1399 758 1474 periculosum
773 1408 829 1456 est.

239 1499 310 1555 Non
325 1497 411 1573 tigris
427 1496 536 1554 catulis
551 1495 644 1554 citata
659 1496 763 1571 raptis,

239 1596 310 1652 Non
325 1593 431 1669 dipsas
447 1593 550 1651 medio
564 1602 688 1668 perusta
703 1592 777 1663 sole,

239 1693 305 1749 Nec
321 1690 365 1747 sic
381 1690 519 1765 scorpios
535 1689 691 1765 improbus
706 1688 839 1746 timetur.

240 1789 320 1845 Nam
335 1795 446 1857 tantos,
463 1805 546 1862 rogo,
562 1785 630 1861 quis
644 1786 723 1842 ferat
738 1785 884 1846 labores?

241 1885 279 1942 Et
293 1884 386 1941 stanti
402 1883 478 1959 legis
494 1892 524 1940 et
539 1883 614 1959 legis
630 1881 759 1951 sedenti,

187 1969 200 2001 ⁸
241 1983 276 2037 In
294 1980 427 2038 thermas
442 1979 545 2056 fugio:
568 1998 660 2036 sonas
676 1979 715 2036 ad
731 1997 844 2037 aurem.

242 2077 394 2135 Piscinam
411 2088 500 2153 peto:
524 2095 585 2133 non
601 2076 672 2133 licet
688 2085 802 2133 natare.

240 2174 289 2231 Ad
305 2192 411 2231 cenam
428 2191 577 2249 propero:
599 2181 687 2230 tenes
702 2180 835 2230 euntem.

240 2271 290 2328 Ad
305 2288 412 2326 cenam
430 2269 538 2326 venio:
560 2269 650 2344 fugas
665 2267 834 2326 sedentem.

240 2369 355 2424 Lassus
370 2366 507 2424 dormio:
530 2365 661 2423 suscitas
676 2364 837 2422 iacentem.

238 2463 295 2521 Vis
311 2472 459 2538 quantum
478 2461 574 2519 iacias
589 2461 670 2530 mali,
686 2460 812 2519 videre?

240 2560 295 2617 Vir
310 2559 417 2629 iustus,
435 2558 560 2635 probus,
577 2557 725 2615 innocens
742 2556 867 2615 timeris

153 3036 171 3066 1.
189 3020 273 3077 Quod:
300 3023 408 3063 construe
433 3015 489 3060 with
515 3015 576 3074 quid
669 3025 688 3068 7.
704 3014 811 3072 Dipsas:
832 3029 846 3057 a
863 3014 955 3072 Libyan
971 3027 1029 3070 serp<

121 3099 158 3152 sit,
185 3096 232 3140 line
257 3110 278 3151 4,
315 3092 412 3136 ‘what's
432 3090 472 3135 the
492 3103 573 3134 reason
625 3103 651 3133 so
672 3088 745 3133 called
763 3088 860 3133 because
878 3091 909 3133 its
925 3090 974 3133 bite
992 3103 1029 3133 cau

122 3173 200 3228 whyi’
210 3177 253 3216 etc.
625 3166 694 3209 thirst
707 3164 788 3223 (δίψα).

152 3251 172 3293 6.
190 3248 284 3293 Citam:
302 3246 339 3288 ‘in
351 3242 413 3286 switt
430 3241 534 3298 pursuit’
550 3240 575 3282 oi
669 3240 690 3283 8.
706 3242 827 3300 Scorpios:
845 3241 996 3287 nominative.

123 3325 162 3369 the
187 3322 270 3365 hunter
296 3319 347 3363 who
368 3317 410 3361 has
432 3315 508 3359 stolen
534 3313 574 3358 her
657 3329 690 3358 12.
706 3317 847 3360 Piscinam:
871 3317 924 3359 ‘the
944 3318 1029 3359 swimn

124 3397 217 3455 whelps.
626 3389 698 3434 tank.'

333 3596 567 3744 Λ
