2356 3976
401 269 582 351 Engrmms
604 273 644 352 eff
659 272 812 335 Mue‘lial.

439 557 486 618 70.
531 561 618 639 (VII.
641 563 768 639 xxxrx.)

128 686 234 734 Caelius,
247 687 309 728 tired
327 688 353 728 ot
370 688 517 728 attendance
535 699 567 728 on
586 689 625 729 hie
644 695 753 739 patrous,
768 693 900 741 pretended
916 698 943 733 to
960 694 1022 734 have
1035 695 1068 733 the

413 761 480 806 gout,
495 755 557 794 until
573 756 603 794 he
618 756 694 805 really
709 762 753 806 got
766 759 792 798 it.

289 859 454 917 Discursus
469 858 570 917 varios
587 878 761 936 vagumque
776 880 867 921 mane

288 958 325 1014 Et
339 956 438 1013 fastus
453 964 484 1014 et
499 974 555 1013 ave
570 957 777 1031 potentiorum

286 1053 364 1109 Cum
379 1051 513 1126 perferre
528 1051 654 1127 patique
670 1051 730 1108 iarn
745 1061 881 1129 negaret,

286 1147 397 1223 Coepit
412 1148 527 1224 fingere
544 1147 668 1206 Caelius
682 1149 860 1225 podagram.

284 1245 386 1318 Quam
402 1246 475 1303 dum
490 1245 556 1304 vult
570 1245 660 1304 nimis
676 1245 847 1322 approbare
862 1264 967 1305 veram
1044 1260 1055 1320 5

285 1344 324 1400 Et
338 1361 431 1400 sanas
446 1342 514 1401 linit
528 1342 706 1419 obligatque
720 1342 843 1418 plantas

284 1439 468 1514 Inceditque
482 1439 581 1515 gradu
596 1439 758 1510 laborioso,

281 1535 491 1606 —Quantum
507 1553 580 1592 cura
595 1544 697 1610 potest
712 1544 742 1592 et
758 1553 807 1593 ars
822 1534 937 1594 doloris
948 1540 1001 1594 1-

284 1632 372 1690 Desit
387 1632 503 1708 fingere
520 1631 645 1690 Caelius
660 1631 837 1708 podagram.

446 1838 491 1899 71.
536 1842 622 1919 (VII.
647 1838 750 1917 xuni.)

96 2025 98 2027 ι
171 1971 192 2010 Α
207 1980 264 2010 man
279 1969 336 2008 who
351 1969 446 2008 neither
459 1970 561 2020 granted
576 1981 590 2009 a
604 1969 675 2009 favor
688 1981 732 2009 nor
745 1970 868 2020 promptly
883 1970 979 2012 refused
992 1970 1016 2010 it.

121 2072 254 2129 Primum
271 2080 326 2143 est,
343 2081 376 2128 ut
391 2080 538 2146 praestes,
556 2070 581 2128 si
597 2071 671 2146 quid
687 2081 726 2143 te,
744 2071 854 2145 Cinna,
870 2073 1002 2150 rogabo;
1031 2087 1059 2126 ιο

161 2169 242 2227 Illud
258 2168 371 2227 deinde
388 2187 531 2244 sequens,
548 2178 581 2226 ut
596 2168 665 2239 cite,
684 2169 793 2242 Cinna,
809 2189 913 2247 neges,

121 2266 224 2341 Diligo
239 2273 465 2340 praestantem3
487 2285 549 2322 non
565 2265 626 2336 odi,
644 2266 753 2337 Cinna,
770 2276 944 2341 negantem.

161 2361 222 2419 Sed
237 2370 270 2418 tu
285 2380 343 2418 nec
357 2370 506 2436 praestaS,
523 2380 581 2418 nec
596 2361 666 2431 cit0,
684 2361 793 2432 Cinna,
809 2380 915 2437 negas.

119 2617 238 2623 --.-.-..-..
244 2615 446 2621 .-—--—---
456 2616 599 2621 ----——
605 2617 641 2620 --
647 2614 1061 2624 -——½-a

149 2727 166 2756 1.
183 2712 317 2755 Discursus
336 2712 429 2754 varios:
451 2711 567 2766 ‘running
661 2712 681 2754 6.
698 2711 766 2754 Liuit
781 2711 931 2770 obligatque:
957 2713 1063 2756 ‘anoints

117 2789 140 2830 in
153 2786 184 2831 all
194 2787 334 2829 directions.²
617 2785 664 2828 and
680 2785 813 2841 bandages.’

148 2876 167 2905 1.
187 2861 280 2918 Vagam
293 2874 375 2902 mane:
392 2858 446 2902 ‘the
459 2862 567 2916 morning
661 2861 681 2903 6.
698 2860 818 2904 Plantas:
835 2860 924 2917 ‘soles'
935 2860 1010 2906 ‘feet'

117 2942 184 2993 spent
196 2937 220 2978 in
232 2934 364 2991 wandering
373 2935 378 2957 ’
387 2933 447 2976 from
459 2934 531 2978 house
541 2941 566 2978 to
661 2934 682 2978 8.
697 2935 747 2979 Ars
757 2936 856 2978 doloris:
873 2937 901 2979 ‘a
912 2935 978 2979 shanr
988 2935 1055 2994 pain!

116 3012 195 3055 house.
662 3024 682 3066 9.
698 3010 767 3054 Desit
783 3010 894 3067 fingere:
911 3011 968 3055 ‘has
988 3007 1064 3056 ceased

145 3101 166 3130 2.
182 3087 286 3129 Festus:
304 3083 397 3140 ‘pride’
618 3090 643 3127 to
654 3084 734 3137 sham‚’
745 3087 788 3141 i.e.,
799 3085 840 3128 has
851 3099 865 3128 a
875 3085 923 3129 real
933 3086 1018 3132 attack.

145 3175 166 3204 2.
181 3161 244 3203 Ave:
260 3159 300 3202 the
316 3157 451 3202 salutation.
648 3173 683 3205 10.
700 3160 861 3203 Primum:
890 3161 934 3211 ie..
952 3175 990 3216 my
1017 3161 1064 3204 first

144 3249 165 3290 4.
181 3237 297 3293 Fingere:
324 3238 363 3278 ‘to
384 3233 461 3289 seign'
617 3235 702 3278 choice.

144 3324 166 3365 4.
182 3311 334 3368 Podagram:
351 3311 357 3334 ‘
366 3309 436 3365 gout!
649 3324 682 3353 11.
698 3311 766 3354 Illud
781 3343 786 3353 .
803 3343 808 3353 .
826 3343 831 3353 .
847 3325 998 3367 sequeus:
1010 3309 1064 3353 ‘the

617 3390 671 3428 next
683 3385 732 3427 best
743 3385 824 3440 thing!
