<?xml version="1.0" encoding="UTF-8"?>
<!DOCTYPE html PUBLIC "-//W3C//DTD XHTML 1.0 Transitional//EN"
    "http://www.w3.org/TR/xhtml1/DTD/xhtml1-transitional.dtd">
<html xmlns="http://www.w3.org/1999/xhtml" xml:lang="en" lang="en">
 <head>
  <title>
</title>
<meta http-equiv="Content-Type" content="text/html;charset=utf-8" />
  <meta name='ocr-system' content='tesseract 3.04.00' />
  <meta name='ocr-capabilities' content='ocr_page ocr_carea ocr_par ocr_line ocrx_word'/>
</head>
<body>
  <div class='ocr_page' id='page_1' title='image "./onehundredandtw00westgoog_0062.png"; bbox 0 0 2356 3976; ppageno 0'>
   <div class='ocr_carea' id='block_1_1' title="bbox 337 314 749 395">
    <p class='ocr_par' dir='ltr' id='par_1_1' title="bbox 337 314 749 395">
     <span class='ocr_line' id='line_1_1' title="bbox 337 314 749 395; baseline 0 -19"><span class='ocrx_word' id='word_1_1' title='bbox 337 315 520 395; x_wconf 68' lang='lat' dir='ltr'>Epigrams</span> <span class='ocrx_word' id='word_1_2' title='bbox 541 316 582 395; x_wconf 84' lang='lat' dir='ltr'>of</span> <span class='ocrx_word' id='word_1_3' title='bbox 597 314 749 376; x_wconf 81' lang='lat' dir='ltr'>Marlz&#39;al.</span> 
     </span>
    </p>
   </div>
   <div class='ocr_carea' id='block_1_2' title="bbox 142 571 1056 1036">
    <p class='ocr_par' dir='ltr' id='par_1_2' title="bbox 142 571 1056 1036">
     <span class='ocr_line' id='line_1_2' title="bbox 186 571 893 643; baseline 0.001 -14"><span class='ocrx_word' id='word_1_4' title='bbox 186 575 258 630; x_wconf 92' lang='lat' dir='ltr'>Hoc</span> <span class='ocrx_word' id='word_1_5' title='bbox 273 571 347 628; x_wconf 90' lang='lat' dir='ltr'>mihi</span> <span class='ocrx_word' id='word_1_6' title='bbox 363 581 434 629; x_wconf 86' lang='lat' dir='ltr'>sunt</span> <span class='ocrx_word' id='word_1_7' title='bbox 449 581 579 642; x_wconf 86' lang='lat' dir='ltr'>vestrae,</span> <span class='ocrx_word' id='word_1_8' title='bbox 597 571 744 643; x_wconf 88' lang='lat' dir='ltr'>Castrice,</span> <span class='ocrx_word' id='word_1_9' title='bbox 760 571 893 630; x_wconf 84' lang='lat' dir='ltr'>divitiae.</span> 
     </span>
     <span class='ocr_line' id='line_1_3' title="bbox 142 669 969 743; baseline -0.001 -16"><span class='ocrx_word' id='word_1_10' title='bbox 142 669 311 741; x_wconf 88' lang='lat' dir='ltr'><strong>Quondam</strong></span> <span class='ocrx_word' id='word_1_11' title='bbox 327 669 467 726; x_wconf 89' lang='lat' dir='ltr'>laudatas</span> <span class='ocrx_word' id='word_1_12' title='bbox 483 687 667 743; x_wconf 92' lang='lat' dir='ltr'>quocunque</span> <span class='ocrx_word' id='word_1_13' title='bbox 683 669 799 727; x_wconf 85' lang='lat' dir='ltr'>libebat</span> <span class='ocrx_word' id='word_1_14' title='bbox 815 670 855 727; x_wconf 90' lang='lat' dir='ltr'>ad</span> <span class='ocrx_word' id='word_1_15' title='bbox 870 669 969 726; x_wconf 92' lang='lat' dir='ltr'>undas</span> 
     </span>
     <span class='ocr_line' id='line_1_4' title="bbox 184 765 809 842; baseline -0.002 -18"><span class='ocrx_word' id='word_1_16' title='bbox 184 768 314 824; x_wconf 89' lang='lat' dir='ltr'>Currere</span> <span class='ocrx_word' id='word_1_17' title='bbox 330 784 387 823; x_wconf 88' lang='lat' dir='ltr'>nec</span> <span class='ocrx_word' id='word_1_18' title='bbox 403 766 510 842; x_wconf 87' lang='lat' dir='ltr'>longas</span> <span class='ocrx_word' id='word_1_19' title='bbox 525 765 719 841; x_wconf 89' lang='lat' dir='ltr'>pertimuisse</span> <span class='ocrx_word' id='word_1_20' title='bbox 734 765 809 837; x_wconf 79' lang='lat' dir='ltr'>viaS,</span> 
     </span>
     <span class='ocr_line' id='line_1_5' title="bbox 144 861 923 937; baseline -0.003 -18"><span class='ocrx_word' id='word_1_21' title='bbox 144 865 235 920; x_wconf 93' lang='lat' dir='ltr'>Nunc</span> <span class='ocrx_word' id='word_1_22' title='bbox 251 862 336 920; x_wconf 89' lang='lat' dir='ltr'>urbis</span> <span class='ocrx_word' id='word_1_23' title='bbox 351 861 452 919; x_wconf 89' lang='lat' dir='ltr'>vicina</span> <span class='ocrx_word' id='word_1_24' title='bbox 468 862 574 919; x_wconf 91' lang='lat' dir='ltr'>iuvant</span> <span class='ocrx_word' id='word_1_25' title='bbox 589 862 758 937; x_wconf 82' lang='lat' dir='ltr'>facilesque</span> <span class='ocrx_word' id='word_1_26' title='bbox 774 880 923 932; x_wconf 88' lang='lat' dir='ltr'>recessus,</span> 
     </span>
     <span class='ocr_line' id='line_1_6' title="bbox 184 958 1056 1036; baseline -0.006 -18"><span class='ocrx_word' id='word_1_27' title='bbox 184 961 222 1018; x_wconf 90' lang='lat' dir='ltr'>Et</span> <span class='ocrx_word' id='word_1_28' title='bbox 238 959 314 1018; x_wconf 90' lang='lat' dir='ltr'>satis</span> <span class='ocrx_word' id='word_1_29' title='bbox 329 969 385 1030; x_wconf 89' lang='lat' dir='ltr'>est,</span> <span class='ocrx_word' id='word_1_30' title='bbox 401 959 488 1036; x_wconf 92' lang='lat' dir='ltr'>pigro</span> <span class='ocrx_word' id='word_1_31' title='bbox 504 959 529 1017; x_wconf 94' lang='lat' dir='ltr'>si</span> <span class='ocrx_word' id='word_1_32' title='bbox 546 959 617 1018; x_wconf 93' lang='lat' dir='ltr'>licet</span> <span class='ocrx_word' id='word_1_33' title='bbox 633 977 702 1017; x_wconf 92' lang='lat' dir='ltr'>esse</span> <span class='ocrx_word' id='word_1_34' title='bbox 717 958 800 1016; x_wconf 88' lang='lat' dir='ltr'>mihi.</span> <span class='ocrx_word' id='word_1_35' title='bbox 999 976 1013 1035; x_wconf 84' lang='lat'><strong>5</strong></span> <span class='ocrx_word' id='word_1_36' title='bbox 1054 1022 1056 1027; x_wconf 67' lang='lat'>,</span> 
     </span>
    </p>
   </div>
   <div class='ocr_carea' id='block_1_3' title="bbox 385 1254 747 1335">
    <p class='ocr_par' dir='ltr' id='par_1_3' title="bbox 385 1254 747 1335">
     <span class='ocr_line' id='line_1_7' title="bbox 385 1254 747 1335; baseline 0.003 -21"><span class='ocrx_word' id='word_1_37' title='bbox 385 1254 433 1316; x_wconf 86' lang='lat'>60.</span> <span class='ocrx_word' id='word_1_38' title='bbox 479 1258 546 1335; x_wconf 90' lang='lat' dir='ltr'>(Vl.</span> <span class='ocrx_word' id='word_1_39' title='bbox 570 1255 693 1334; x_wconf 77' lang='lat' dir='ltr'>xnvm.)</span> <span class='ocrx_word' id='word_1_40' title='bbox 744 1324 747 1330; x_wconf 94' lang='lat'><em>.</em></span> 
     </span>
    </p>
   </div>
   <div class='ocr_carea' id='block_1_4' title="bbox 299 1403 779 1453">
    <p class='ocr_par' dir='ltr' id='par_1_4' title="bbox 299 1403 779 1453">
     <span class='ocr_line' id='line_1_8' title="bbox 299 1403 779 1453; baseline 0 -11"><span class='ocrx_word' id='word_1_41' title='bbox 299 1404 367 1453; x_wconf 85' lang='lat' dir='ltr'>‘Thy</span> <span class='ocrx_word' id='word_1_42' title='bbox 382 1403 493 1453; x_wconf 80' lang='lat' dir='ltr'>supper&#39;s</span> <span class='ocrx_word' id='word_1_43' title='bbox 507 1403 630 1453; x_wconf 83' lang='lat' dir='ltr'>eloquent,</span> <span class='ocrx_word' id='word_1_44' title='bbox 646 1408 688 1442; x_wconf 83' lang='lat' dir='ltr'>not</span> <span class='ocrx_word' id='word_1_45' title='bbox 702 1403 779 1442; x_wconf 65' lang='lat' dir='ltr'>thou)</span> 
     </span>
    </p>
   </div>
   <div class='ocr_carea' id='block_1_5' title="bbox 105 1521 973 1694">
    <p class='ocr_par' dir='ltr' id='par_1_5' title="bbox 105 1521 973 1694">
     <span class='ocr_line' id='line_1_9' title="bbox 105 1521 973 1599; baseline -0.002 -18"><span class='ocrx_word' id='word_1_46' title='bbox 105 1521 197 1594; x_wconf 90' lang='lat' dir='ltr'>Quod</span> <span class='ocrx_word' id='word_1_47' title='bbox 212 1532 274 1580; x_wconf 86' lang='lat' dir='ltr'>tam</span> <span class='ocrx_word' id='word_1_48' title='bbox 290 1523 407 1599; x_wconf 84' lang='lat' dir='ltr'>grande</span> <span class='ocrx_word' id='word_1_49' title='bbox 423 1522 539 1597; x_wconf 92' lang='lat' dir='ltr'>sophos</span> <span class='ocrx_word' id='word_1_50' title='bbox 554 1521 668 1581; x_wconf 89' lang='lat' dir='ltr'>clamat</span> <span class='ocrx_word' id='word_1_51' title='bbox 682 1521 739 1579; x_wconf 92' lang='lat' dir='ltr'>tibi</span> <span class='ocrx_word' id='word_1_52' title='bbox 754 1522 844 1579; x_wconf 87' lang='lat' dir='ltr'>turba</span> <span class='ocrx_word' id='word_1_53' title='bbox 858 1531 973 1598; x_wconf 86' lang='lat' dir='ltr'>togata,</span> 
     </span>
     <span class='ocr_line' id='line_1_10' title="bbox 145 1617 812 1694; baseline -0.001 -18"><span class='ocrx_word' id='word_1_54' title='bbox 145 1621 215 1676; x_wconf 94' lang='lat' dir='ltr'>Non</span> <span class='ocrx_word' id='word_1_55' title='bbox 231 1629 273 1690; x_wconf 92' lang='lat' dir='ltr'>tu,</span> <span class='ocrx_word' id='word_1_56' title='bbox 291 1619 450 1694; x_wconf 86' lang='lat' dir='ltr'>Pomponi,</span> <span class='ocrx_word' id='word_1_57' title='bbox 467 1637 544 1676; x_wconf 88' lang='lat' dir='ltr'>cena</span> <span class='ocrx_word' id='word_1_58' title='bbox 559 1617 674 1675; x_wconf 90' lang='lat' dir='ltr'>diserta</span> <span class='ocrx_word' id='word_1_59' title='bbox 688 1627 742 1675; x_wconf 91' lang='lat' dir='ltr'>tua</span> <span class='ocrx_word' id='word_1_60' title='bbox 756 1627 812 1675; x_wconf 90' lang='lat' dir='ltr'>est.</span> 
     </span>
    </p>
   </div>
   <div class='ocr_carea' id='block_1_6' title="bbox 413 1911 663 1991">
    <p class='ocr_par' dir='ltr' id='par_1_6' title="bbox 413 1911 663 1991">
     <span class='ocr_line' id='line_1_11' title="bbox 413 1911 663 1991; baseline 0 -20"><span class='ocrx_word' id='word_1_61' title='bbox 413 1911 458 1971; x_wconf 82' lang='lat'>61.</span> <span class='ocrx_word' id='word_1_62' title='bbox 504 1916 572 1991; x_wconf 88' lang='lat' dir='ltr'>(Vl.</span> <span class='ocrx_word' id='word_1_63' title='bbox 597 1911 663 1990; x_wconf 74' lang='lat' dir='ltr'>nn.)</span> 
     </span>
    </p>
   </div>
   <div class='ocr_carea' id='block_1_7' title="bbox 94 2059 1015 2111">
    <p class='ocr_par' dir='ltr' id='par_1_7' title="bbox 94 2059 1015 2111">
     <span class='ocr_line' id='line_1_12' title="bbox 94 2059 1015 2111; baseline 0.002 -13"><span class='ocrx_word' id='word_1_64' title='bbox 94 2066 104 2094; x_wconf 77' lang='lat' dir='ltr'>u</span> <span class='ocrx_word' id='word_1_65' title='bbox 119 2061 158 2100; x_wconf 82' lang='lat' dir='ltr'>the</span> <span class='ocrx_word' id='word_1_66' title='bbox 171 2061 244 2101; x_wconf 83' lang='lat' dir='ltr'>death</span> <span class='ocrx_word' id='word_1_67' title='bbox 259 2060 284 2100; x_wconf 84' lang='lat' dir='ltr'>ol</span> <span class='ocrx_word' id='word_1_68' title='bbox 299 2072 313 2100; x_wconf 83' lang='lat' dir='ltr'>a</span> <span class='ocrx_word' id='word_1_69' title='bbox 327 2061 407 2100; x_wconf 86' lang='lat' dir='ltr'>elever</span> <span class='ocrx_word' id='word_1_70' title='bbox 419 2071 502 2110; x_wconf 78' lang='lat' dir='ltr'>young</span> <span class='ocrx_word' id='word_1_71' title='bbox 516 2059 608 2106; x_wconf 84' lang='lat' dir='ltr'>barber.</span> <span class='ocrx_word' id='word_1_72' title='bbox 620 2071 634 2099; x_wconf 85' lang='lat' dir='ltr'>a</span> <span class='ocrx_word' id='word_1_73' title='bbox 649 2059 718 2099; x_wconf 78' lang='lat' dir='ltr'>slave</span> <span class='ocrx_word' id='word_1_74' title='bbox 733 2060 821 2100; x_wconf 78' lang='lat' dir='ltr'>named</span> <span class='ocrx_word' id='word_1_75' title='bbox 836 2060 1015 2111; x_wconf 78' lang='lat' dir='ltr'>Pantagathus.</span> 
     </span>
    </p>
   </div>
   <div class='ocr_carea' id='block_1_8' title="bbox 144 2174 1015 2734">
    <p class='ocr_par' dir='ltr' id='par_1_8' title="bbox 146 2174 904 2348">
     <span class='ocr_line' id='line_1_13' title="bbox 146 2174 904 2250; baseline -0.003 -17"><span class='ocrx_word' id='word_1_76' title='bbox 146 2177 216 2233; x_wconf 90' lang='lat' dir='ltr'>Hoc</span> <span class='ocrx_word' id='word_1_77' title='bbox 233 2176 313 2233; x_wconf 87' lang='lat' dir='ltr'>iacet</span> <span class='ocrx_word' id='word_1_78' title='bbox 329 2175 359 2232; x_wconf 94' lang='lat' dir='ltr'>in</span> <span class='ocrx_word' id='word_1_79' title='bbox 376 2175 492 2232; x_wconf 92' lang='lat' dir='ltr'>tumulo</span> <span class='ocrx_word' id='word_1_80' title='bbox 508 2184 613 2250; x_wconf 86' lang='lat' dir='ltr'>raptus</span> <span class='ocrx_word' id='word_1_81' title='bbox 629 2174 799 2250; x_wconf 88' lang='lat' dir='ltr'>puerilibus</span> <span class='ocrx_word' id='word_1_82' title='bbox 815 2175 904 2232; x_wconf 90' lang='lat' dir='ltr'>annis</span> 
     </span>
     <span class='ocr_line' id='line_1_14' title="bbox 186 2271 863 2348; baseline 0 -20"><span class='ocrx_word' id='word_1_83' title='bbox 186 2274 407 2348; x_wconf 84' lang='lat' dir='ltr'>Pantagathus,</span> <span class='ocrx_word' id='word_1_84' title='bbox 424 2272 540 2330; x_wconf 89' lang='lat' dir='ltr'>domini</span> <span class='ocrx_word' id='word_1_85' title='bbox 555 2291 628 2329; x_wconf 90' lang='lat' dir='ltr'>cura</span> <span class='ocrx_word' id='word_1_86' title='bbox 644 2271 792 2346; x_wconf 90' lang='lat' dir='ltr'>dolorque</span> <span class='ocrx_word' id='word_1_87' title='bbox 807 2272 863 2343; x_wconf 89' lang='lat' dir='ltr'>sui,</span> 
     </span>
    </p>

    <p class='ocr_par' dir='ltr' id='par_1_9' title="bbox 144 2367 1015 2541">
     <span class='ocr_line' id='line_1_15' title="bbox 144 2367 1015 2445; baseline 0 -21"><span class='ocrx_word' id='word_1_88' title='bbox 144 2369 203 2426; x_wconf 87' lang='lat' dir='ltr'>Vix</span> <span class='ocrx_word' id='word_1_89' title='bbox 218 2378 363 2445; x_wconf 86' lang='lat' dir='ltr'>tangente</span> <span class='ocrx_word' id='word_1_90' title='bbox 379 2388 474 2445; x_wconf 90' lang='lat' dir='ltr'>vagos</span> <span class='ocrx_word' id='word_1_91' title='bbox 489 2369 570 2427; x_wconf 81' lang='lat' dir='ltr'>ferro</span> <span class='ocrx_word' id='word_1_92' title='bbox 584 2387 723 2426; x_wconf 87' lang='lat' dir='ltr'>resecare</span> <span class='ocrx_word' id='word_1_93' title='bbox 739 2367 867 2443; x_wconf 87' lang='lat' dir='ltr'>capillos</span> <span class='ocrx_word' id='word_1_94' title='bbox 980 2391 1015 2425; x_wconf 89' lang='lat'>10</span> 
     </span>
     <span class='ocr_line' id='line_1_16' title="bbox 186 2465 806 2541; baseline 0.002 -19"><span class='ocrx_word' id='word_1_95' title='bbox 186 2468 305 2523; x_wconf 85' lang='lat' dir='ltr'>Doctus</span> <span class='ocrx_word' id='word_1_96' title='bbox 321 2475 351 2523; x_wconf 90' lang='lat' dir='ltr'>et</span> <span class='ocrx_word' id='word_1_97' title='bbox 366 2465 500 2524; x_wconf 86' lang='lat' dir='ltr'>hirsutas</span> <span class='ocrx_word' id='word_1_98' title='bbox 515 2465 686 2523; x_wconf 88' lang='lat' dir='ltr'>excoluisse</span> <span class='ocrx_word' id='word_1_99' title='bbox 701 2483 806 2541; x_wconf 75' lang='lat' dir='ltr'>genas,</span> 
     </span>
    </p>

    <p class='ocr_par' dir='ltr' id='par_1_10' title="bbox 147 2561 875 2734">
     <span class='ocr_line' id='line_1_17' title="bbox 147 2561 875 2636; baseline -0.001 -17"><span class='ocrx_word' id='word_1_100' title='bbox 147 2561 194 2619; x_wconf 87' lang='lat' dir='ltr'>Sis</span> <span class='ocrx_word' id='word_1_101' title='bbox 209 2562 289 2633; x_wconf 90' lang='lat' dir='ltr'>licet,</span> <span class='ocrx_word' id='word_1_102' title='bbox 306 2570 339 2620; x_wconf 92' lang='lat' dir='ltr'>ut</span> <span class='ocrx_word' id='word_1_103' title='bbox 354 2562 459 2633; x_wconf 90' lang='lat' dir='ltr'>debes,</span> <span class='ocrx_word' id='word_1_104' title='bbox 476 2562 575 2633; x_wconf 93' lang='lat' dir='ltr'>tellus,</span> <span class='ocrx_word' id='word_1_105' title='bbox 592 2562 713 2636; x_wconf 86' lang='lat' dir='ltr'>placata</span> <span class='ocrx_word' id='word_1_106' title='bbox 729 2561 875 2636; x_wconf 87' lang='lat' dir='ltr'>levisque,</span> 
     </span>
     <span class='ocr_line' id='line_1_18' title="bbox 185 2658 812 2734; baseline 0 -19"><span class='ocrx_word' id='word_1_107' title='bbox 185 2659 319 2716; x_wconf 88' lang='lat' dir='ltr'>Artificis</span> <span class='ocrx_word' id='word_1_108' title='bbox 335 2658 430 2717; x_wconf 90' lang='lat' dir='ltr'>levior</span> <span class='ocrx_word' id='word_1_109' title='bbox 445 2678 506 2716; x_wconf 89' lang='lat' dir='ltr'>non</span> <span class='ocrx_word' id='word_1_110' title='bbox 523 2667 611 2734; x_wconf 91' lang='lat' dir='ltr'>potes</span> <span class='ocrx_word' id='word_1_111' title='bbox 627 2675 695 2715; x_wconf 91' lang='lat' dir='ltr'>esse</span> <span class='ocrx_word' id='word_1_112' title='bbox 710 2677 812 2715; x_wconf 90' lang='lat' dir='ltr'>manu.</span> 
     </span>
    </p>
   </div>
   <div class='ocr_carea' id='block_1_9' title="bbox 93 3046 1015 3477">
    <p class='ocr_par' dir='ltr' id='par_1_11' title="bbox 94 3046 1015 3163">
     <span class='ocr_line' id='line_1_19' title="bbox 98 3046 1015 3104; baseline 0 -14"><span class='ocrx_word' id='word_1_113' title='bbox 98 3054 116 3087; x_wconf 88' lang='lat'>².</span> <span class='ocrx_word' id='word_1_114' title='bbox 133 3046 259 3103; x_wconf 77' lang='lat' dir='ltr'>thondam</span> <span class='ocrx_word' id='word_1_115' title='bbox 276 3081 281 3090; x_wconf 90' lang='lat'>.</span> <span class='ocrx_word' id='word_1_116' title='bbox 300 3081 305 3091; x_wconf 90' lang='lat'><em>.</em></span> <span class='ocrx_word' id='word_1_117' title='bbox 324 3080 329 3090; x_wconf 88' lang='lat'><strong>.</strong></span> <span class='ocrx_word' id='word_1_118' title='bbox 346 3048 370 3091; x_wconf 93' lang='lat' dir='ltr'>li</span> <span class='ocrx_word' id='word_1_119' title='bbox 376 3048 478 3091; x_wconf 76' lang='lat' dir='ltr'>habat:</span> <span class='ocrx_word' id='word_1_120' title='bbox 491 3049 515 3090; x_wconf 89' lang='lat' dir='ltr'>‘l</span> <span class='ocrx_word' id='word_1_121' title='bbox 611 3047 631 3089; x_wconf 90' lang='lat'>6.</span> <span class='ocrx_word' id='word_1_122' title='bbox 653 3047 736 3090; x_wconf 82' lang='lat' dir='ltr'>Turba</span> <span class='ocrx_word' id='word_1_123' title='bbox 754 3053 849 3104; x_wconf 72' lang='lat' dir='ltr'>togata:</span> <span class='ocrx_word' id='word_1_124' title='bbox 871 3047 926 3101; x_wconf 89' lang='lat' dir='ltr'>‘thy</span> <span class='ocrx_word' id='word_1_125' title='bbox 939 3046 1015 3090; x_wconf 87' lang='lat' dir='ltr'>crowd</span> 
     </span>
     <span class='ocr_line' id='line_1_20' title="bbox 94 3116 698 3163; baseline 0.007 -4"><span class='ocrx_word' id='word_1_126' title='bbox 94 3116 122 3159; x_wconf 77' lang='lat' dir='ltr'>ed</span> <span class='ocrx_word' id='word_1_127' title='bbox 133 3124 157 3162; x_wconf 91' lang='lat' dir='ltr'>to</span> <span class='ocrx_word' id='word_1_128' title='bbox 168 3119 228 3162; x_wconf 66' lang='lat' dir='ltr'>like!</span> <span class='ocrx_word' id='word_1_129' title='bbox 566 3119 591 3163; x_wconf 87' lang='lat' dir='ltr'>of</span> <span class='ocrx_word' id='word_1_130' title='bbox 602 3119 698 3163; x_wconf 81' lang='lat' dir='ltr'>clients.’</span> 
     </span>
    </p>

    <p class='ocr_par' dir='ltr' id='par_1_12' title="bbox 97 3193 884 3248">
     <span class='ocr_line' id='line_1_21' title="bbox 97 3193 884 3248; baseline 0.004 -13"><span class='ocrx_word' id='word_1_131' title='bbox 97 3203 116 3245; x_wconf 76' lang='lat'>4.</span> <span class='ocrx_word' id='word_1_132' title='bbox 128 3193 236 3238; x_wconf 80' lang='lat' dir='ltr'>Faciles:</span> <span class='ocrx_word' id='word_1_133' title='bbox 253 3193 338 3248; x_wconf 87' lang='lat' dir='ltr'>‘easily</span> <span class='ocrx_word' id='word_1_134' title='bbox 349 3193 486 3238; x_wconf 84' lang='lat' dir='ltr'>accessible.&#39;</span> <span class='ocrx_word' id='word_1_135' title='bbox 597 3208 631 3240; x_wconf 86' lang='lat'>11.</span> <span class='ocrx_word' id='word_1_136' title='bbox 649 3195 753 3238; x_wconf 81' lang='lat' dir='ltr'>Doctus:</span> <span class='ocrx_word' id='word_1_137' title='bbox 771 3193 884 3238; x_wconf 61' lang='lat' dir='ltr'>‘skilledl</span> 
     </span>
    </p>

    <p class='ocr_par' dir='ltr' id='par_1_13' title="bbox 93 3269 1015 3400">
     <span class='ocr_line' id='line_1_22' title="bbox 99 3269 1015 3328; baseline 0.005 -18"><span class='ocrx_word' id='word_1_138' title='bbox 99 3277 115 3320; x_wconf 78' lang='grc'>5.</span> <span class='ocrx_word' id='word_1_139' title='bbox 131 3269 227 3327; x_wconf 81' lang='lat' dir='ltr'>Pigro</span> <span class='ocrx_word' id='word_1_140' title='bbox 243 3303 249 3313; x_wconf 87' lang='lat'><em>.</em></span> <span class='ocrx_word' id='word_1_141' title='bbox 266 3302 271 3312; x_wconf 92' lang='lat'><strong><em>.</em></strong></span> <span class='ocrx_word' id='word_1_142' title='bbox 288 3301 293 3312; x_wconf 93' lang='lat'>.</span> <span class='ocrx_word' id='word_1_143' title='bbox 309 3269 398 3312; x_wconf 75' lang='lat' dir='ltr'>milei:</span> <span class='ocrx_word' id='word_1_144' title='bbox 420 3269 451 3310; x_wconf 85' lang='lat' dir='ltr'>‘il</span> <span class='ocrx_word' id='word_1_145' title='bbox 472 3269 514 3311; x_wconf 86' lang='lat' dir='ltr'>l’rn</span> <span class='ocrx_word' id='word_1_146' title='bbox 596 3283 629 3312; x_wconf 89' lang='lat'>11.</span> <span class='ocrx_word' id='word_1_147' title='bbox 645 3271 764 3313; x_wconf 85' lang='lat' dir='ltr'>Hirsutas</span> <span class='ocrx_word' id='word_1_148' title='bbox 780 3303 785 3314; x_wconf 93' lang='lat'>.</span> <span class='ocrx_word' id='word_1_149' title='bbox 802 3302 808 3314; x_wconf 93' lang='lat'><strong>.</strong></span> <span class='ocrx_word' id='word_1_150' title='bbox 824 3286 956 3328; x_wconf 82' lang='lat' dir='ltr'>.genas:</span> <span class='ocrx_word' id='word_1_151' title='bbox 976 3274 1015 3315; x_wconf 90' lang='lat' dir='ltr'>‘to</span> 
     </span>
     <span class='ocr_line' id='line_1_23' title="bbox 93 3335 976 3400; baseline 0.01 -19"><span class='ocrx_word' id='word_1_152' title='bbox 93 3335 160 3386; x_wconf 88' lang='lat' dir='ltr'>lowed</span> <span class='ocrx_word' id='word_1_153' title='bbox 171 3349 196 3387; x_wconf 87' lang='lat' dir='ltr'>to</span> <span class='ocrx_word' id='word_1_154' title='bbox 208 3344 235 3388; x_wconf 91' lang='lat' dir='ltr'>be</span> <span class='ocrx_word' id='word_1_155' title='bbox 246 3343 314 3399; x_wconf 62' lang='lat' dir='ltr'>luzy!</span> <span class='ocrx_word' id='word_1_156' title='bbox 565 3345 620 3387; x_wconf 89' lang='lat' dir='ltr'>trim</span> <span class='ocrx_word' id='word_1_157' title='bbox 630 3345 670 3388; x_wconf 89' lang='lat' dir='ltr'>the</span> <span class='ocrx_word' id='word_1_158' title='bbox 681 3345 750 3389; x_wconf 88' lang='lat' dir='ltr'>heard</span> <span class='ocrx_word' id='word_1_159' title='bbox 761 3360 791 3389; x_wconf 93' lang='lat' dir='ltr'>on</span> <span class='ocrx_word' id='word_1_160' title='bbox 803 3345 869 3400; x_wconf 89' lang='lat' dir='ltr'>hairy</span> <span class='ocrx_word' id='word_1_161' title='bbox 880 3345 976 3390; x_wconf 86' lang='lat' dir='ltr'>cheeks.&#39;</span> 
     </span>
    </p>

    <p class='ocr_par' dir='ltr' id='par_1_14' title="bbox 98 3414 886 3477">
     <span class='ocr_line' id='line_1_24' title="bbox 98 3414 886 3477; baseline 0.005 -17"><span class='ocrx_word' id='word_1_162' title='bbox 98 3414 115 3456; x_wconf 83' lang='grc'>6.</span> <span class='ocrx_word' id='word_1_163' title='bbox 132 3417 233 3476; x_wconf 71' lang='lat' dir='ltr'>Sophos:</span> <span class='ocrx_word' id='word_1_164' title='bbox 249 3419 334 3474; x_wconf 79' lang='grc' dir='ltr'><strong>σοφὼς;</strong></span> <span class='ocrx_word' id='word_1_165' title='bbox 350 3418 446 3462; x_wconf 83' lang='lat' dir='ltr'>‘bravo’</span> <span class='ocrx_word' id='word_1_166' title='bbox 596 3433 629 3462; x_wconf 86' lang='lat'>12.</span> <span class='ocrx_word' id='word_1_167' title='bbox 645 3421 767 3464; x_wconf 80' lang='lat' dir='ltr'>Placata:</span> <span class='ocrx_word' id='word_1_168' title='bbox 784 3420 886 3477; x_wconf 74' lang='lat' dir='ltr'>‘gentle&#39;</span> 
     </span>
    </p>
   </div>
   <div class='ocr_carea' id='block_1_10' title="bbox 0 0 1182 3976">
    <p class='ocr_par' dir='ltr' id='par_1_15' title="bbox 0 0 1182 3976">
     <span class='ocr_line' id='line_1_25' title="bbox 0 0 1182 3976; baseline 0 0"><span class='ocrx_word' id='word_1_169' title='bbox 0 0 1182 3976; x_wconf 95' lang='lat' dir='ltr'> </span> 
     </span>
    </p>
   </div>
  </div>
 </body>
</html>
