2356 3976
208 299 391 380 Epigrams
412 298 453 379 of
468 296 619 358 Martial.

252 751 301 814 85.
346 754 452 833 (VIII.
476 752 574 828 ιχιν.)

10 928 34 956 in
49 917 108 956 who
126 916 257 965 pretended
274 921 300 955 to
318 915 382 955 have
399 927 414 954 ι
432 915 546 963 birthday
562 914 653 955 almost
671 924 744 963 every
761 913 846 953 mouth
864 912 890 952 in

145 983 214 1023 order
228 987 253 1022 to
268 986 310 1033 get
326 986 437 1031 presents
453 981 515 1021 lrom
531 982 571 1021 his
587 981 684 1021 friends.

100 1118 143 1174 Ut
158 1134 278 1191 poscas²
296 1114 393 1192 Clyte,
410 1133 521 1173 munus
536 1114 711 1191 exigasque‚

100 1215 172 1270 Uno
188 1211 325 1270 nasceris
340 1211 437 1269 octies
453 1211 484 1268 in
499 1231 582 1269 anno

101 1312 139 1369 Et
153 1309 244 1381 solaS,
260 1318 344 1384 put0,
361 1318 462 1366 tresve
478 1317 659 1383 quattuorve

101 1409 172 1464 Non
188 1404 350 1464 natalicias
366 1404 463 1463 habes
479 1405 648 1464 Kalendae

101 1503 146 1562 Sit
160 1503 262 1561 vultus
277 1501 333 1560 tibi
350 1501 445 1560 levior
459 1501 564 1560 licebit

100 1600 193 1658 Tritis
207 1599 305 1657 litoris
322 1598 399 1656 aridi
414 1597 535 1674 lapillis,

102 1696 146 1754 Sit
161 1715 246 1754 moro
261 1714 350 1754 coma
366 1694 480 1771 nigrior
494 1695 620 1767 cadum,

99 1792 215 1850 Vincas
230 1791 359 1849 mollitia
375 1800 525 1848 tremente
541 1791 661 1866 plumas

100 1893 162 1948 Aut
172 1887 310 1947 ¹massam
328 1887 421 1946 modo
436 1887 526 1946 lactis
541 1887 666 1965 alligati,

99 1988 147 2043 Tu
163 1985 260 2056 nobie
278 1985 376 2063 Clyte,
393 1984 453 2041 iam
469 2003 564 2042 senex
578 1985 710 2046 videris:
854 2011 889 2047 10

99 2084 176 2139 Tam
192 2081 389 2157 multos-quis
404 2079 484 2138 enim
500 2079 596 2139 fuisse
611 2084 716 2141 credat

102 2179 230 2237 Natales
245 2178 396 2236 Priamive
415 2176 616 2237 Nestorisve?

102 2276 147 2335 Sit
161 2277 287 2334 tandem
301 2277 401 2351 pudor
416 2284 447 2334 et
461 2275 571 2333 modus
586 2274 710 2349 rapinis.

100 2373 193 2445 Quod
208 2373 234 2431 si
249 2373 330 2431 ludis
346 2372 448 2430 adhuc
463 2372 621 2448 semelque
636 2373 722 2431 nasci

100 2471 172 2527 Uno
188 2468 248 2526 iam
262 2469 318 2527 tibi
333 2488 395 2528 non
412 2477 460 2527 sat
475 2478 522 2526 est
537 2468 568 2526 in
584 2488 674 2540 anno,
855 2489 887 2549 15

100 2567 215 2623 Natum
229 2573 269 2636 te,
286 2565 384 2643 Clyte,
400 2583 457 2623 nec
472 2565 568 2624 semel
582 2566 707 2642 putab0.

10 3041 133 3085 Nasceris:
151 3043 212 3095 ‘you
223 3041 307 3086 havea
322 3043 391 3086 birth·
441 3057 537 3100 surpass
562 3043 662 3087 feathers
684 3044 707 3086 in
730 3043 769 3087 the
793 3043 891 3089 delicate

440 3115 542 3160 softness
555 3116 589 3173 (of
603 3129 662 3170 your
672 3115 755 3171 flesh).'

10 3190 121 3248 lapillis:
138 3190 259 3247 ‘pebbles.'
484 3204 505 3247 9.
523 3191 663 3235 Massam
678 3223 705 3235 ..
725 3191 889 3249 .alligati.·

10 3265 74 3308 Mora
94 3299 99 3308 .
121 3299 126 3309 .
148 3299 153 3309 .
172 3267 273 3310 caduco:
290 3266 361 3310 ‘than
376 3281 390 3310 a
442 3267 519 3310 ‘mass
529 3266 554 3309 of
569 3266 626 3309 milk
636 3266 684 3324 just
695 3265 802 3310 curdled.¹

13 3340 46 3384 lit.
58 3341 138 3397 fallen)
153 3342 281 3396 mulberry.'
473 3343 505 3385 16.
521 3342 617 3386 Natum
639 3375 644 3386 .
665 3375 670 3385 .
693 3375 698 3385 .
719 3357 760 3386 nec
783 3343 889 3386 semel:

11 3415 99 3459 Vincas
119 3447 125 3459 .
149 3448 153 3459 .
174 3448 180 3460 .
197 3417 310 3474 plumas:
330 3419 390 3471 ‘you
441 3417 575 3471 i.e.,aman
586 3417 611 3461 of
621 3431 651 3462 no
662 3417 724 3462 birth
735 3423 759 3462 at
770 3417 808 3461 all.
