2356 3976
330 283 512 365 Epigrams
534 285 574 364 of
589 283 743 346 Martial.

135 556 273 615 Vixisset
287 556 416 614 totidem
432 556 463 612 ni
480 556 580 615 minus
595 556 648 614 illa
663 556 738 614 dies.

95 654 182 724 Inter
197 664 260 712 tarn
275 662 396 711 veteres
411 653 497 712 ludat
511 653 627 711 lasciva
641 662 788 728 patronos

139 751 177 808 Et
192 768 305 808 nomen
319 750 427 808 blaeso
442 750 556 827 garriat
571 768 623 808 ore
639 768 750 808 meum.

98 846 208 904 Mollia
222 865 285 904 non
300 847 418 923 rigidus
433 865 561 922 caespes
576 843 661 923 tegat
676 866 756 919 ossa,
772 866 829 905 nec
845 846 897 919 illi,

137 944 243 1015 Terra,
258 944 361 1020 gravis
376 944 488 1002 fueris:
511 963 573 1001 non
588 944 646 1002 luit
661 944 713 1001 illa
727 943 793 1002 tibi.
991 964 1006 1021 5

390 1159 435 1219 51.
481 1162 531 1239 (V.
555 1160 645 1237 xxii.)

131 1308 152 1347 Α
166 1308 288 1358 paradox:
308 1320 323 1348 a
338 1308 417 1348 man's
432 1318 487 1347 rure
501 1308 593 1347 wealth
608 1309 629 1347 ir
644 1308 713 1348 what
727 1308 757 1348 he
771 1309 841 1359 gives
855 1319 935 1358 away.

138 1425 277 1483 Callidus
292 1426 419 1483 effracta
434 1444 576 1483 nummos
590 1427 640 1483 iur
655 1427 773 1484 auferet
788 1445 867 1497 arca,

180 1524 357 1580 Prosternet
373 1522 489 1598 patrios
504 1521 598 1597 impia
612 1522 737 1579 flamma
752 1523 848 1580 lares:

139 1618 269 1677 Debitor
285 1638 408 1677 usuram
424 1619 538 1694 pariter
553 1628 728 1693 sortemque
743 1619 878 1695 negabit,

179 1717 251 1773 Non
267 1715 376 1774 reddet
391 1715 503 1773 sterilis
518 1715 637 1773 semina
651 1715 732 1772 iacta
747 1734 854 1792 seges:

139 1811 394 1887 Dispensatorem
410 1812 504 1869 fallax
520 1811 665 1887 spoliabit
680 1811 788 1883 amica,
974 1833 1009 1869 10

180 1909 339 1966 Mercibus
355 1918 509 1966 extructas
524 1909 633 1966 obruet
648 1909 732 1966 unda
747 1918 837 1966 rates

139 2007 232 2064 Extra
246 2006 400 2063 fortunam
416 2014 472 2076 est,
488 2005 513 2062 si
529 2005 602 2080 quid
618 2005 750 2062 donatur
765 2005 889 2062 amicis:

179 2102 267 2175 Quas
283 2101 414 2174 dederis
431 2103 513 2160 solas
529 2120 649 2177 semper
664 2101 795 2160 habebis
810 2120 895 2177 opes.

395 2293 443 2354 52.
488 2296 538 2373 (V.
562 2295 672 2372 xxvii.)

411 2440 433 2479 Α
447 2441 525 2489 needy
539 2440 655 2490 parasite.

101 2559 266 2631 Nunquam
282 2575 315 2614 se
330 2575 459 2615 cenasse
474 2556 557 2615 dorni
574 2555 662 2614 Philo
678 2556 765 2629 iurat,
781 2566 812 2615 et
826 2557 885 2615 hoc
901 2566 968 2615 est:

139 2656 210 2712 Non
227 2663 325 2724 cenat,
343 2653 487 2729 quotiens
502 2672 594 2711 nemo
609 2653 731 2712 vocavit
746 2672 824 2712 eum.
975 2671 1007 2729 ¹5

94 2956 108 2985 1.
129 2943 248 2987 Totidem:
266 2943 313 2996 i.e.,
324 2945 368 2986 six.
589 2957 610 3000 4.
626 2944 678 2987 Noc
688 2945 731 2998 illi,
742 2948 791 2988 etc:

94 3029 107 3060 t.
123 3017 225 3061 Lasciva
233 3033 240 3061 .·
257 3020 262 3042 ⁴
272 3016 378 3074 playlul)
562 3019 575 3037 ¹⁴
586 3018 622 3058 Lie
634 3016 709 3069 lightly
719 3032 745 3058 on
756 3018 801 3066 her,
814 3018 887 3067 Earth,
897 3019 930 3059 lor
939 3017 976 3056 she

94 3104 108 3148 ς.
124 3091 208 3135 Blaeso
222 3094 322 3149 garriat
336 3108 389 3136 ore:
407 3094 412 3117 ‘
423 3092 452 3136 let
469 3093 509 3136 ber
586 3087 622 3126 ΝΟ
632 3085 699 3135 heavy
708 3093 756 3136 step
766 3085 810 3126 e'er
819 3085 861 3126 laid
870 3099 897 3126 ⁰¹¹
908 3084 982 3127 thee.’'

94 3166 445 3224 pwithstammeringtongue!
603 3169 624 3212 8.
645 3169 752 3212 Usurom
778 3202 783 3212 .
808 3201 813 3212 .
837 3202 842 3212 .
866 3176 1009 3230 sortemque:

94 3255 108 3298 r.
128 3229 238 3302 Compos:
255 3241 328 3287 ‘sod.'
560 3244 670 3287 ‘interest
682 3243 729 3287 and
739 3243 868 3300 principal'

603 3332 624 3372 9.
639 3318 707 3361 locro
717 3332 725 3361 :
742 3319 845 3362 ‘sowed.’

590 3405 623 3438 10.
639 3392 832 3454 Dispensatorem
840 3411 846 3436 s
863 3396 989 3442 ‘stewardf
