2356 3976
451 283 634 367 Epigram
657 283 698 366 of
714 281 867 346 Martz'al.

516 649 560 710 13.
604 650 644 730 (I.
668 650 796 727 Lxxxv.)

486 815 524 854 An
540 811 702 854 auctioneer'u
716 812 823 852 blunder.

182 952 339 1010 Venderet
353 952 491 1010 excultos
507 949 601 1010 colles
618 968 687 1007 curn
703 966 816 1025 praeco
830 948 950 1005 facetus

224 1051 325 1124 Atque
341 1048 509 1106 suburbani
526 1048 631 1124 iugera
647 1046 776 1124 pulchra
793 1044 858 1117 soli,

185 1150 201 1174 ‘⁴
215 1146 330 1215 Errat‚'’
346 1146 397 1218 ait,
415 1146 469 1204 “si
485 1145 553 1222 quis
570 1145 670 1203 Mario
686 1154 774 1220 putat
789 1161 857 1201 esse
873 1161 1000 1201 necesse

224 1242 383 1300 Vendere:
406 1242 448 1299 nil
464 1243 567 1312 debet,
583 1243 703 1300 fenerat
719 1241 813 1298 imino
829 1240 954 1316 magis.”

185 1339 300 1411 “Quae
312 1338 389 1396 ratio
401 1348 449 1398 est
460 1339 550 1416 igitur
563 1343 573 1399 ?
584 1340 600 1365 ’³
630 1343 646 1369 “
658 1341 771 1398 Servos
783 1339 826 1396 ibi
838 1338 972 1414 perdidit
984 1355 1094 1394 omnes
1118 1354 1133 1413 5

226 1438 263 1493 Et
277 1454 373 1510 pecus
387 1445 419 1494 et
432 1436 559 1508 fructus,
575 1456 638 1494 non
653 1446 736 1494 amat
751 1436 823 1494 inde
839 1435 969 1493 locum.'’

185 1532 262 1604 Quis
277 1532 394 1592 faceret
407 1532 539 1608 pretium
555 1532 614 1590 nisi
630 1533 682 1608 qui
697 1552 754 1591 sua
767 1533 896 1610 perdere
912 1531 1004 1589 vellet

225 1628 359 1688 Omnia?
402 1629 454 1688 Sic
469 1629 570 1688 Mario
585 1630 694 1688 noxius
709 1631 815 1688 haeret
830 1648 911 1705 ager.

493 1867 538 1928 14.
583 1870 620 1948 (I.
645 1869 788 1946 nxxxvn)

421 2032 458 2071 An
472 2033 613 2073 unsociable
628 2038 685 2073 next
699 2033 758 2072 door
772 2034 893 2084 neighbor.

346 2165 476 2224 Vicinus
492 2186 578 2225 meus
591 2176 639 2224 est
654 2185 808 2242 manuque
823 2168 907 2244 tangi

348 2263 395 2320 De
411 2263 523 2321 nostris
540 2263 658 2321 Novius
673 2273 775 2340 potest
789 2265 942 2323 fenestris.
1100 2287 1132 2323 10

348 2358 426 2430 Quis
440 2379 502 2417 non
518 2359 655 2419 invideat
669 2359 743 2417 mihi
758 2369 906 2437 putetque

349 2454 444 2511 Horis
459 2454 601 2512 omnibus
617 2474 686 2513 esse
702 2473 750 2512 me
765 2455 898 2528 beatum,

348 2552 459 2607 Iuncto
474 2550 523 2608 cui
540 2550 630 2609 liceat
644 2551 703 2608 frui
719 2552 847 2612 sodale?

218 2884 236 2913 1.
253 2869 366 2914 Excultos
381 2871 460 2914 colles:
481 2870 575 2927 ‘highly
592 2871 635 2915 cul·
729 2873 751 2916 6.
765 2874 840 2918 Inde:
859 2875 998 2920 ‘therefore'

187 2943 275 2987 tivated
286 2942 353 2986 hilis!
731 2957 750 3001 7.
766 2949 890 2993 Pretium:
908 2952 934 2994 ‘a
944 2951 997 2995 bid.’

219 3032 237 3060 1.
253 3018 342 3061 Praeco
356 3017 468 3075 facetus:
497 3020 528 3063 ‘a
542 3020 636 3076 (would
730 3021 749 3064 8.
765 3023 862 3067 Noxius
878 3057 883 3068 .
900 3059 906 3071 .
924 3059 929 3069 .
945 3027 1077 3084 ager:‘his
1088 3027 1135 3069 nui·

186 3092 223 3147 be)
237 3093 302 3146 witty
313 3093 458 3136 auctioneer!
687 3109 755 3141 sance
765 3098 790 3140 of
801 3113 814 3142 a
825 3100 898 3144 farm!

217 3180 236 3223 3.
253 3167 350 3210 Mario:
366 3167 405 3211 tlre
420 3181 496 3211 owner
512 3169 536 3211 of
551 3169 591 3213 the
605 3184 637 3212 es·
721 3185 753 3228 13·
770 3173 854 3218 Iuncto
870 3208 875 3219 .
891 3209 896 3219 .
914 3208 919 3219 .
934 3177 1027 3221 sodale:
1040 3175 1135 3221 ‘aelose

187 3248 241 3286 tate.
687 3248 853 3304 compani0n;'
873 3249 929 3293 with
950 3265 964 3294 a
980 3251 1033 3307 play
1049 3265 1079 3295 on
1096 3251 1134 3294 the

216 3331 236 3372 4.
253 3317 358 3359 Fenerat
373 3319 456 3360 imum:
471 3320 515 3361 ‘on
531 3318 570 3362 the
585 3333 636 3362 cun·
687 3322 795 3378 meaning
805 3323 829 3365 oi
844 3323 911 3368 close.

187 3397 249 3445 trary
261 3391 288 3434 he
300 3390 364 3434 lends
376 3394 471 3446 money)
