2356 3976
383 290 564 371 Eptgrams
585 293 626 370 (ff
642 292 795 354 Mom'ol.

195 549 246 606 Sic
260 548 399 606 habitare
415 548 502 606 iubes
516 558 652 605 veterem
667 549 801 607 crudelis
814 550 946 608 amicum

233 645 362 703 Arboris
376 665 451 722 ergo
465 656 536 703 tuae
552 645 646 703 tutior
660 646 774 722 hospes
788 665 849 705 ero.

422 840 470 900 78.
515 844 621 920 (VIII.
645 841 752 918 xxiii.)

383 971 452 1020 Why
466 971 508 1011 the
522 972 583 1010 cook
597 982 652 1010 was
665 971 790 1021 whipped.

193 1077 269 1132 Esse
284 1074 339 1131 tibi
354 1073 461 1130 videor
476 1092 588 1130 saevus
603 1073 793 1149 nimiumque
806 1075 944 1151 gulosus

231 1171 292 1243 Qui
308 1180 432 1246 propter
447 1189 565 1240 cenam,
584 1170 721 1241 Rustice,
736 1171 835 1228 caedo
850 1191 968 1229 cocum.

192 1269 224 1325 Si
240 1268 317 1325 levis
332 1268 391 1325 ista
406 1267 460 1325 tibi
477 1267 640 1344 flagrorum
656 1287 750 1326 causa
764 1268 894 1336 videtur,
1045 1290 1060 1344 5

232 1367 276 1422 Ex
291 1384 352 1440 qua
366 1364 413 1422 vis
428 1383 522 1422 causa
538 1364 663 1440 vapulet
677 1384 751 1441 ergo
765 1367 882 1423 cocus?

413 1571 461 1631 79.
506 1575 611 1650 (VIII.
636 1571 753 1647 xxxii.)

110 1701 130 1740 Α
144 1702 249 1741 delicate
266 1701 352 1751 appear
368 1706 395 1741 to
410 1701 452 1740 the
470 1712 580 1751 emperor
598 1702 623 1740 in
642 1707 744 1751 support
762 1702 787 1741 or
804 1702 939 1741 Anruun's
956 1703 1060 1751 petition

311 1768 348 1807 tor
362 1767 404 1807 the
419 1768 490 1807 recall
501 1767 526 1806 ot
542 1767 585 1806 her
600 1768 698 1807 brother
712 1768 775 1807 horn
791 1768 862 1807 exile.

230 1872 310 1926 Aera
325 1888 380 1944 per
395 1868 520 1925 tacitum
536 1868 664 1944 delapsa
679 1868 816 1926 sedentis
832 1869 862 1925 in
879 1869 963 1944 ipsos

271 1965 372 2024 Fluxit
388 1965 545 2022 Aratullae
560 1965 677 2023 blanda
691 1966 834 2024 columba
849 1966 944 2023 sinus.

229 2064 359 2120 Luserat
373 2062 432 2119 hoc
447 2080 546 2130 casus
563 2061 622 2119 nisi
638 2062 833 2120 inobservata
849 2072 986 2119 maneret

270 2157 483 2234 Permissaque
498 2158 557 2217 sibi
572 2159 668 2216 nollet
683 2159 768 2217 abire
782 2160 864 2235 fuga.
1024 2179 1059 2215 10

230 2255 261 2314 Si
276 2255 402 2312 meliora
417 2255 486 2330 piae
501 2256 549 2313 fas
565 2264 612 2314 est
627 2274 750 2332 sperare
765 2255 861 2313 sorori

269 2353 308 2409 Et
322 2351 480 2409 dominum
495 2352 602 2410 mundi
618 2352 741 2410 flectere
756 2362 828 2410 vota
843 2352 956 2422 valent,

229 2450 318 2506 Haec
333 2468 352 2505 a
368 2449 494 2507 Sardois
509 2449 565 2508 tibi
580 2450 709 2508 forsitan
725 2449 824 2507 exulis
838 2449 908 2518 oris,

268 2547 373 2604 Fratre
390 2564 557 2618 reversuro,
576 2547 684 2603 nuntia
699 2546 783 2603 venit
798 2546 872 2603 avis.

136 2885 156 2930 3.
174 2873 289 2916 Gulosus:
306 2871 427 2927 ‘gluttom’
651 2885 672 2927 9.
688 2870 791 2914 Luserat
815 2871 857 2914 hoc
881 2885 966 2914 casus:
997 2871 1060 2914 ‘this

136 2961 157 3002 4.
173 2947 273 3004 Propter
289 2960 385 2989 cenom:
401 2946 512 2989 ‘because
527 2945 556 2989 he
608 2944 681 3000 might
690 2944 748 2988 have
759 2945 814 2987 been
826 2958 840 2987 a
850 2944 914 2987 toeak
925 2945 949 2988 of
960 2944 1059 2989 chance..¹

109 3020 178 3077 spoilt
188 3021 228 3064 the
238 3020 335 3062 dinner!
650 3034 670 3074 9.
686 3020 838 3063 lnobscnora
845 3036 852 3062 .·
869 3024 875 3044 ⁴
885 3019 1035 3063 unwatched!

136 3111 157 3152 4.
173 3097 262 3140 Cardo:
279 3097 304 3136 ‘I
317 3097 383 3138 beat)
640 3106 672 3135 ιι.
688 3093 763 3136 Piae:
780 3092 888 3148 ‘loving,⁸
900 3091 1030 3137 ‘devoted.'

139 3184 157 3228 5.
173 3171 319 3228 Flagrorum
328 3187 335 3213 .·
352 3170 403 3213 ‘for
413 3185 427 3214 a
436 3169 551 3226 flogging‚'
615 3223 620 3232 Ι
640 3182 646 3210 1
652 3181 672 3223 3.
689 3168 801 3210 Sardois:
814 3167 860 3223 adj.
870 3181 875 3220 ;
886 3167 924 3211 ‘of
936 3167 1059 3211 Sardinia)

109 3242 191 3286 lit.‘0t
207 3243 297 3286 hstes!
639 3255 671 3298 ¹3·
686 3256 718 3297 ¹4·
735 3242 823 3286 Exulis
844 3277 849 3285 .
871 3276 876 3285 .
899 3277 905 3287 .
922 3243 1005 3299 fratrc
1029 3256 1059 3284 rc·

135 3320 156 3361 6.
176 3319 217 3362 Vis
235 3352 240 3360 .
262 3351 267 3360 .
289 3351 294 3359 .
320 3319 431 3375 vapulet.-
463 3315 555 3359 ‘would
608 3332 732 3361 versum:
738 3317 831 3374 fratris
851 3318 881 3362 ab
901 3318 971 3363 cxilr'o
989 3331 1059 3362 rcvcr-

110 3405 152 3446 you
163 3393 221 3437 have
231 3393 280 3436 him
291 3399 329 3452 get
341 3407 354 3435 a
365 3392 486 3450 thrasbing
496 3391 516 3433 ?'
607 3393 667 3438 suri.
