2356 3976
387 271 567 355 Engmms
590 272 630 354 of
645 271 796 335 Martial.

462 543 489 604 8.
535 546 573 624 (Ι.
596 545 725 624 xxxin.)

458 691 581 731 insincere
595 690 733 742 mouruing.

198 810 355 869 Amissum
370 829 433 869 non
448 809 501 868 flet
515 829 584 866 cum
600 809 667 867 sola
682 818 729 866 est
744 808 845 867 Gellia
859 817 987 885 patrem,

243 907 274 964 Si
290 907 359 982 quis
374 906 473 978 adest,
490 905 592 964 iussae
606 905 769 981 prosiliunt
784 905 936 962 lacrimae.

201 1005 272 1060 Non
287 1003 372 1079 luget
386 1002 526 1078 quisquis
541 1001 669 1072 laudari,
686 1001 795 1072 Gellia,
812 1000 948 1077 quaerit;

240 1098 296 1156 Ille
312 1098 396 1156 dolet
411 1117 491 1170 vere,
508 1097 560 1174 qui
576 1097 643 1156 sine
659 1106 739 1156 teste
754 1097 846 1155 dolet.

451 1279 480 1339 9.
523 1279 562 1359 (I.
585 1279 736 1354 xxxvrrr.)

510 1425 530 1463 Α
546 1425 682 1476 plagiariet.

200 1544 301 1616 Quem
316 1543 427 1602 recitas
443 1561 529 1600 meus
544 1553 600 1613 est,
616 1563 635 1600 0
652 1542 823 1613 Fidentine,
840 1543 981 1600 libellus:
1055 1562 1072 1620 5

242 1640 304 1698 Sed
319 1640 400 1697 male
415 1657 485 1696 cum
501 1638 620 1710 recitas,
637 1638 745 1714 incipit
759 1657 827 1697 esse
843 1648 922 1697 tuus
1115 1652 1117 1685 Ι

481 1819 525 1880 10.
569 1819 607 1899 (l.
631 1822 721 1899 xnrr.)

180 1971 231 2010 The
245 1971 338 2011 suicide
352 1970 378 2010 ol
392 1970 485 2016 Porcia,
501 1969 621 2018 daughter
634 1969 659 2008 ol
674 1968 734 2008 Cato
749 1970 797 2009 and
811 1968 870 2008 wite
884 1969 910 2009 ol
924 1969 1023 2010 Brutus.

203 2088 353 2165 Coniugis
369 2087 506 2146 audisset
516 2087 614 2144 fatum
629 2105 699 2145 cum
715 2086 824 2145 Porcia
841 2087 925 2145 Bruti

246 2188 284 2243 Et
299 2185 457 2243 subtracta
472 2182 531 2243 sibi
543 2192 704 2260 quaereret
719 2203 803 2241 arma
818 2184 914 2255 dolor,

181 2280 358 2339 “Nondum
374 2279 489 2352 scitiS,''
505 2279 556 2351 ait,
574 2283 730 2338 “mortem
746 2299 808 2337 non
823 2299 915 2356 posse
931 2282 1059 2358 negari?

245 2374 453 2448 Credideram‚
469 2375 543 2434 tatis
558 2376 618 2434 hoc
633 2375 777 2434 docuisse
792 2377 942 2452 patrem.''
1042 2401 1081 2437 10

205 2473 291 2532 Dixit
305 2481 337 2530 et
351 2473 494 2531 ardentes
509 2472 601 2531 avido
616 2472 695 2531 bibit
710 2490 762 2530 ore
778 2472 908 2532 favillas.

244 2572 259 2627 Ι
275 2587 357 2626 nunc
372 2578 403 2626 et
417 2569 540 2641 ferrum,
556 2569 647 2627 turba
663 2570 803 2640 molesta,
819 2590 907 2647 nega.

154 2813 175 2843 2.
191 2799 274 2843 Iussae
295 2831 300 2841 .
318 2832 323 2842 .
342 2831 347 2840 .
367 2798 483 2842 lacrimae
493 2812 500 2840 .·
522 2798 576 2843 ‘the
659 2813 691 2843 ιο.
708 2799 779 2843 Fatis
790 2833 795 2842 .
808 2833 813 2843 .
825 2833 830 2843 .
840 2806 948 2859 patrem:
961 2802 1022 2846 Cato
1033 2803 1082 2849 bad

124 2878 186 2918 teus
197 2877 257 2917 start
269 2877 293 2915 at
304 2871 414 2929 bidding.‘
627 2872 724 2918 stabbed
735 2873 828 2917 himself
844 2879 868 2918 at
881 2875 959 2928 Utica,
971 2876 1030 2920 alter
1041 2878 1084 2924 the

155 2961 176 3006 3.
192 2947 248 2990 Non
274 2948 352 3004 luget:
383 2946 427 2990 ‘he
452 2945 508 2990 does
535 2952 576 2990 not
627 2947 703 2992 defeat
733 2947 759 2992 ol
788 2948 825 2992 his
855 2954 922 3005 party
947 2949 977 3004 by
1002 2951 1084 3003 Julius

127 3021 218 3085 (really)
232 3023 329 3065 monm'
627 3023 714 3079 Cesar,
724 3023 754 3079 46
765 3033 812 3067 rac.

157 3109 175 3152 7.
191 3096 300 3140 Fatum:
326 3097 369 3147 i.e.,
390 3095 430 3139 the
444 3094 533 3139 suicide
552 3095 578 3139 ol
659 3112 692 3141 rr.
708 3097 835 3142 Fauillas:
852 3096 942 3142 ‘coals’

128 3172 222 3225 Brutus,
231 3170 282 3213 who
293 3169 333 3214 lell
343 3183 374 3213 on
385 3169 422 3213 his
432 3168 509 3213 swerd
519 3169 578 3214 after
659 3185 692 3216 12.
714 3173 798 3217 Turba
819 3173 931 3216 molesta:
958 3174 1084 3220 ‘tiresome

125 3245 166 3290 tlte
176 3244 249 3289 battle
259 3245 284 3288 ol
301 3244 413 3301 Philippi,
424 3257 452 3299 4²
464 3255 511 3289 uc.
629 3245 725 3302 people)

156 3319 177 3365 8.
194 3320 339 3365 Subtracta:
356 3318 491 3363 ‘removed'
502 3323 544 3363 out
554 3318 579 3361 ol

126 3394 252 3440 herreacb.
