2356 3976
330 274 434 336 Index
455 276 494 352 os
510 273 600 335 First
622 273 731 335 Lines.
952 270 1008 332 xiii

57 461 103 530 blec
113 489 201 530 doctum
209 490 261 530 satis
270 497 291 531 et
300 502 376 540 parum
386 502 491 539 severum,
501 502 522 529 x.
535 503 577 539 ι9.
605 520 610 529 .
640 517 645 528 .
672 521 676 528 .
706 520 711 529 .
739 520 744 529 .
773 515 779 528 .
806 519 811 528 .
861 490 972 538 Epigram
985 503 1010 538 99

56 557 77 596 N
79 569 107 597 on
116 569 165 596 amo
175 563 204 605 te,
215 555 295 605 Sabidi,
306 568 346 596 nee
355 568 441 606 possum
452 556 521 596 dicere
531 569 602 606 quare,
612 556 625 595 i.
637 570 661 604 57
673 582 946 596 .........
999 571 1010 604 7

56 623 102 664 Nos
111 623 206 664 bibimus
215 623 279 671 vitro,
288 630 312 663 tu
320 635 397 671 murra,
409 623 502 662 Pontice.
532 622 617 669 Quare?
633 623 712 672 ivr-85.
741 649 746 660 .
774 650 779 660 .
806 653 811 662 .
840 652 844 661 .
874 652 877 660 .
908 653 911 660 .
942 649 947 659 .
985 625 1011 669 46

56 691 173 740 Nunquam
183 689 268 730 divitias
278 689 330 730 deos
339 689 419 741 rogavi,
429 689 458 729 iv.
469 703 492 739 77
502 716 945 729 ..............
984 702 1010 737 44

56 757 171 807 Nunquam
181 769 204 796 se
214 768 301 796 cenasse
311 755 370 796 domi
382 754 443 796 Philo
453 757 507 796 iurat
518 762 540 795 et
549 755 589 796 hoc
598 762 639 803 est,
650 769 672 795 ν.
681 768 705 804 47

56 825 132 876 Nuper
141 830 187 865 erat
197 823 299 873 medicus,
310 836 366 864 nunc
376 831 409 863 est
418 823 502 874 vispillo
512 822 610 872 Diaulus,
620 823 636 862 i.
645 836 670 872 47
706 849 945 862 ........
988 837 1008 862 ιι

55 929 152 970 Ocenm't
161 928 200 969 tibi
210 940 273 968 nerno
283 927 340 978 quod
350 927 448 976 libenter,
459 926 488 967 iii.
499 941 524 974 44
538 953 945 966 .............
986 940 1011 974 30

56 994 111 1043 Ohe,
120 994 164 1034 iam
174 994 226 1035 satis
236 1000 275 1042 est,
286 993 334 1043 ohe,
345 993 424 1042 libelle,
433 993 464 1033 iv.
473 996 498 1042 89
538 1020 948 1033 .............
985 1007 1010 1041 47

54 1056 74 1097 O
83 1056 134 1096 mibi
144 1063 194 1107 post
204 1055 282 1104 nullos,
294 1056 343 1104 luli,
354 1055 488 1096 memorande
499 1055 590 1104 sodales,
600 1055 615 1095 i.
627 1068 649 1105 ι5
672 1082 947 1094 .........
999 1067 1010 1104 5

54 1118 133 1160 Omnia
142 1118 255 1169 promittis,
267 1131 315 1158 cum
325 1125 370 1158 tota
379 1126 441 1158 nocte
451 1117 532 1167 bibisti,
542 1117 576 1158 xii.
590 1132 611 1157 12
640 1144 946 1157 ..........
976 1132 996 1156 11
1000 1131 1010 1167 5

56 1221 139 1262 Pallida
148 1234 175 1262 ne
187 1221 276 1262 Cilicum
286 1221 375 1261 timeant
384 1222 478 1272 pomaria
487 1221 591 1270 brumam,
602 1221 645 1261 viii.
658 1235 681 1270 ι4
707 1249 947 1261 ........
988 1236 1011 1271 77

55 1289 97 1329 Par
104 1288 176 1330 scelus
186 1288 271 1328 admisit
282 1288 365 1328 Phariis
374 1289 481 1329 Antonius
489 1289 560 1338 armis,
570 1288 601 1328 iii.
612 1291 637 1328 66
673 1314 946 1328 .........
986 1303 997 1344 3
1000 1301 1010 1339 5

56 1355 113 1396 Petit
123 1355 233 1396 Gemellus
243 1355 328 1406 nuptias
338 1353 473 1404 Maronillae,
483 1355 498 1394 i.
510 1370 533 1394 ιο
571 1382 947 1395 ............
999 1370 1009 1404 3

57 1423 149 1463 Pexatus
159 1421 248 1473 pulchre
258 1422 315 1461 rides
324 1435 379 1471 mea,
389 1421 455 1470 Zoile,
466 1423 521 1471 trita,
531 1423 554 1462 ii.
564 1425 588 1472 58
603 1449 945 1462 ...........
986 1436 1009 1462 77

57 1489 128 1530 Prima
137 1488 256 1529 salutantes
265 1495 328 1538 atque
337 1487 404 1528 altera
414 1488 505 1528 conterit
514 1488 573 1536 hora,
582 1488 612 1527 iv.
622 1490 634 1528 8
674 1515 946 1527 .........
987 1503 1011 1537 37

57 1556 153 1597 Primum
162 1562 202 1604 est,
214 1562 237 1594 ut
246 1562 350 1606 praestes,
360 1555 379 1594 si
388 1555 438 1604 quid
447 1561 467 1595 te
479 1554 547 1595 Cinna
557 1555 645 1604 rogabo,
655 1555 690 1595 vii.
702 1568 725 1603 43

56 1659 265 1710 Quadringentorum
276 1658 347 1698 reddis
358 1657 416 1707 milri,
428 1657 630 1708 Phoebe,tabellas,
640 1659 669 1698 ix.
682 1673 716 1699 102
741 1687 745 1696 .
774 1689 778 1698 .
808 1686 813 1696 .
841 1691 845 1698 .
876 1687 881 1696 .
910 1687 914 1696 .
943 1686 948 1696 .

56 1726 117 1773 Quae
126 1725 178 1765 mihi
187 1725 317 1776 praestiteris
328 1724 414 1764 memini
424 1737 548 1774 semperque
557 1712 642 1773 tenebd,
652 1738 674 1764 v.
686 1738 708 1775 57

56 1792 116 1840 Quae
125 1799 146 1833 te
157 1804 221 1832 causa
230 1791 294 1831 trahit
303 1790 338 1830 vel
348 1803 401 1840 quae
411 1791 487 1831 fiducia
498 1791 596 1840 Romam,
606 1792 634 1831 iii.
646 1793 671 1840 38
706 1823 711 1830 .
741 1819 746 1829 .
774 1822 778 1830 .
808 1823 812 1831 .
842 1819 847 1829 .
875 1823 879 1831 .
910 1821 915 1830 .
944 1820 948 1830 .

56 1859 105 1906 Qua
114 1859 184 1899 vicina
193 1857 248 1909 pluit
258 1857 359 1908 Vipsanis
369 1865 429 1908 porta
439 1857 548 1906 columnis,
558 1859 588 1897 iv.
601 1861 623 1899 18
638 1886 948 1898 ..........
988 1872 1013 1906 4ο

55 1925 126 1972 Quem
136 1924 213 1965 recitas
223 1935 283 1963 meus
292 1923 485 1972 est,oFidentine,
496 1923 588 1973 libellus,
598 1925 612 1965 i,
623 1926 647 1974 38
673 1955 677 1964 .
708 1952 713 1962 .
742 1952 746 1963 .
775 1952 780 1962 .
809 1952 815 1963 .
843 1952 848 1963 .
876 1956 880 1964 .
911 1953 916 1963 .
944 1953 948 1962 .
1000 1939 1012 1975 9

55 1991 149 2038 Quidam
158 2003 192 2030 me
202 1989 273 2039 modo,
285 1989 350 2038 Ruie,
361 1989 480 2039 diligenter,
490 1989 520 2029 vi.
529 1991 552 2030 87
571 2018 946 2031 ............
987 1995 1012 2039 ⁶⁴

55 2056 196 2105 Quintiliane,
206 2068 272 2106 vagae
283 2056 403 2096 moderator
413 2068 495 2096 summe
505 2056 611 2105 inventae,
620 2057 642 2096 ii.
654 2071 679 2107 90
704 2085 947 2100 ........
988 2072 1013 2106 74

56 2123 99 2171 Οιιί
106 2131 177 2164 tecum
187 2123 248 2173 cupis
258 2136 304 2164 esse
315 2136 374 2163 meos
384 2123 510 2172 ubicumque
520 2122 612 2171 libellos,
621 2123 634 2163 i.
646 2137 656 2162 7
672 2150 947 2164 .........
1003 2141 1010 2165 ι

55 2190 120 2237 Quod
129 2197 172 2230 tam
181 2189 260 2240 grande
270 2189 350 2240 sophos
360 2189 436 2229 clamat
446 2188 484 2229 tibi
494 2189 555 2229 turba
563 2195 644 2239 togata,
654 2189 682 2228 ui,
693 2192 719 2237 48
740 2217 949 2230 .......
988 2194 1014 2229 6ο

57 2295 137 2335 Rerum
146 2301 204 2335 certa
214 2293 279 2343 salus,
290 2300 393 2334 terrarum
403 2292 478 2343 gloria,
489 2293 574 2342 Caesar,
585 2293 605 2332 ii.
616 2307 639 2343 91
674 2320 946 2333 .........
989 2307 1012 2345 75

56 2361 172 2412 Rumpitur
181 2360 262 2400 invidia
271 2359 364 2410 quidam,
373 2359 480 2399 carissime
492 2356 540 2408 luli,
550 2359 577 2399 ix.
589 2374 613 2409 97
640 2385 950 2400 ..........
988 2376 1013 2411 97

56 2467 146 2517 Semper
153 2465 200 2516 agis
210 2477 284 2505 causas
294 2472 316 2504 et
326 2477 359 2504 res
369 2464 421 2514 agis,
431 2463 511 2514 Attale,
521 2477 612 2515 semper,
622 2465 637 2504 i.
648 2479 672 2514 79
707 2492 950 2506 ........
991 2480 1012 2506 ι7

56 2532 146 2582 Semper
153 2544 235 2582 pauper
244 2530 293 2578 eris,
304 2531 323 2570 si
333 2543 414 2581 pauper
423 2544 455 2580 es,
465 2531 592 2580 Aemiliane,
602 2544 622 2570 v.
633 2533 655 2571 81
674 2558 946 2572 .........
988 2547 1012 2584 57

56 2599 99 2639 Seu
107 2605 132 2638 tu
143 2598 253 2638 Paestanis
263 2598 334 2648 genita
344 2611 367 2638 es
377 2611 416 2638 seu
426 2597 511 2638 Tiburis
520 2597 584 2646 arvis,
594 2597 623 2637 ix.
633 2601 658 2637 60
674 2625 947 2639 .........
988 2613 1012 2651 95

56 2662 78 2703 Si
87 2661 157 2702 credis
167 2660 225 2710 milri,
238 2661 325 2711 Quinte,
337 2663 394 2712 quod
404 2662 497 2710 mereris,
508 2662 536 2701 ix.
548 2675 570 2712 57
607 2689 947 2702 ...........
988 2678 1012 2713 93

56 2728 79 2769 Si
88 2728 186 2769 dederint
195 2728 267 2779 superi
278 2728 349 2769 decies
359 2728 410 2769 mihi
420 2728 477 2769 milia
486 2735 578 2777 centum,
588 2728 604 2768 i.
615 2743 649 2778 103
673 2755 948 2769 .........
991 2745 1013 2780 17

57 2794 122 2835 Silius
133 2795 186 2835 haec
195 2795 265 2846 magni
276 2795 369 2837 celebrat
379 2804 515 2837 monumenta
525 2797 628 2846 Maronis,
640 2799 667 2838 xi.
678 2800 703 2846 48
743 2829 747 2837 .
777 2825 782 2835 .
810 2825 815 2835 .
845 2826 849 2834 .
877 2829 881 2836 .
912 2825 916 2834 .
945 2825 950 2834 .
979 2811 1012 2846 113

57 2862 80 2902 Si
89 2862 175 2912 quando
184 2861 277 2913 leporem
290 2863 355 2904 mittis
366 2863 424 2912 mihi,
435 2863 511 2912 Gellia,
521 2864 581 2912 dicis,
591 2879 610 2904 v.
622 2880 647 2913 79
674 2892 679 2903 .
708 2893 713 2903 .
741 2893 747 2903 .
774 2897 779 2905 .
808 2893 813 2902 .
842 2897 845 2904 .
875 2896 879 2905 .
910 2897 913 2905 .
945 2893 949 2902 .
989 2878 1013 2914 49

57 2929 89 2970 Sit
98 2929 189 2970 cisterna
198 2928 256 2978 milti,
267 2942 330 2980 quam
340 2931 408 2979 vinea,
419 2931 474 2970 malo
484 2931 608 2980 Ravennae,
619 2931 647 2970 iii.
661 2936 684 2981 56
708 2959 948 2971 ........
989 2946 1012 2980 57

58 2994 81 3036 Si
90 2996 204 3046 temperari
214 2994 313 3037 balneum
325 2996 386 3046 cupis
395 2998 487 3045 fervens,
496 2997 527 3037 iii.
537 3010 578 3047 75.
607 3027 612 3036 .
642 3028 646 3037 .
677 3025 682 3036 .
709 3029 712 3037 .
743 3025 748 3035 .
777 3025 782 3036 .
810 3026 815 3034 .
843 3029 847 3038 .
877 3029 881 3038 .
911 3026 916 3036 .
944 3029 948 3038 .
989 3001 1014 3038 78

58 3061 507 3113 Sitesportulamaioradbeatos,viiirz
539 3091 544 3102 .
573 3091 578 3101 .
606 3092 611 3103 .
639 3095 644 3103 .
674 3091 680 3104 .
708 3091 713 3101 .
740 3092 745 3102 .
776 3092 781 3102 .
808 3096 812 3103 .
843 3092 848 3102 .
877 3093 881 3102 .
909 3095 914 3104 .
944 3093 948 3102 .
988 3067 1012 3104 87

59 3129 173 3180 Spectabat
183 3129 248 3170 modo
257 3129 316 3170 solus
326 3130 379 3170 inter
388 3143 469 3180 omnes,
479 3131 509 3171 iv.
519 3145 530 3171 2
538 3158 676 3171 .....
680 3124 685 3131 “
706 3158 950 3170 ........
990 3135 1014 3180 36

58 3234 128 3274 Tanta
137 3233 177 3274 tibi
186 3239 219 3273 est
229 3233 280 3273 recti
291 3234 415 3279 reverentia,
426 3234 510 3284 Caesar,
521 3242 542 3275 et
551 3236 619 3286 aequi.
630 3236 657 3275 xi.
670 3250 680 3285 5
708 3263 949 3275 ........
979 3238 1014 3276 ιο8

59 3300 178 3340 Tonsorem
188 3311 283 3350 puerum,
294 3300 332 3339 sed
342 3307 385 3339 arte
396 3300 468 3347 talem,
479 3303 521 3341 viii.
535 3316 556 3352 57
573 3330 948 3342 ............
989 3306 1012 3353 83

60 3367 157 3420 Triginta
166 3373 213 3406 toto
223 3365 277 3407 mala
287 3374 335 3408 sunt
344 3366 495 3418 epigrammata
504 3368 565 3417 libro,
576 3369 611 3410 vii.
623 3372 645 3408 81
674 3396 949 3410 .........
990 3385 1013 3422 73
