2356 3976
387 294 568 376 Epagrams
588 296 628 375 of
644 281 797 356 Martial.

496 799 524 860 5.
567 799 606 879 (1.
630 800 694 878 xv.)

130 976 165 1016 To
180 976 218 1016 his
232 977 273 1017 old
287 976 366 1017 friend
379 977 457 1026 Julius
473 977 603 1024 Martialis,
619 988 633 1016 a
647 987 705 1025 very
719 975 769 1015 rich
784 985 849 1020 man.
864 974 952 1024 urging
966 973 1018 1012 him
1032 978 1059 1012 to

325 1043 398 1094 enioy
412 1042 454 1082 life
468 1042 549 1082 before
563 1042 582 1082 it
596 1042 684 1082 should
699 1041 727 1081 be
742 1046 783 1081 too
797 1041 854 1080 late.

199 1192 227 1250 Ο
243 1191 316 1249 mihi
332 1200 402 1267 post
417 1191 525 1262 nullon
543 1190 611 1262 Iuli,
629 1190 826 1248 memorande
843 1190 974 1261 sodaleS,

240 1287 272 1346 Si
287 1287 362 1364 quid
376 1287 469 1362 longa
483 1286 561 1345 fides
579 1306 720 1363 canaque
736 1288 802 1345 iura
816 1287 928 1358 valent,

202 1383 253 1442 Bis
268 1383 329 1441 iarn
344 1401 443 1459 paene
458 1382 514 1440 tibi
531 1384 639 1441 consul
656 1383 829 1441 tricesimus
845 1383 948 1453 instat,

242 1483 280 1539 Et
295 1489 434 1537 numerat
447 1498 564 1555 paucos
579 1479 629 1537 vix
644 1491 697 1538 tua
714 1480 776 1539 vita
793 1480 868 1538 dies,

201 1579 272 1635 Non
287 1577 366 1634 bene
379 1575 534 1634 distuleris
549 1576 657 1635 videas
670 1584 748 1653 quae
765 1595 856 1653 posse
873 1576 986 1653 negari,
1053 1596 1069 1655 5

241 1675 279 1731 Et
294 1673 392 1731 solum
407 1672 466 1730 hoc
481 1672 585 1744 ducas,
603 1674 686 1750 quod
700 1673 767 1745 fuit,
786 1693 854 1732 esse
870 1685 964 1732 tuum.

201 1773 372 1845 Expectant
387 1788 539 1845 curaeque
554 1770 749 1845 catenatique
766 1771 899 1843 laboreS‚

240 1865 361 1924 Gaudia
377 1884 439 1923 non
454 1877 622 1939 remanent,
640 1867 695 1925 sed
709 1866 839 1944 fugitiva
854 1870 968 1926 volant.

202 1964 291 2020 Haec
306 1972 435 2038 utraque
451 1981 544 2020 manu
560 1964 782 2040 complexuque
799 1983 902 2023 assere
917 1974 1001 2023 toto:

242 2060 340 2134 Saepe
355 2057 454 2117 fluunt
469 2059 531 2118 imo
546 2059 591 2117 sic
607 2078 730 2136 quoque
746 2061 833 2136 lapsa
848 2061 926 2119 sinu.
1039 2085 1075 2120 10

201 2157 272 2212 Non
287 2164 342 2225 est,
360 2155 449 2212 crede
466 2156 549 2228 mihi,
565 2157 714 2232 sapientis
729 2157 831 2216 dicere
848 2161 865 2188 “
877 2158 1002 2216 Vivam:
1016 2159 1031 2183 '’

241 2253 315 2309 Sera
330 2251 421 2311 nimis
436 2253 499 2311 vita
514 2262 562 2313 est
577 2253 727 2312 crastina:
750 2253 819 2312 vive
833 2255 935 2313 hodie.

153 2769 172 2798 1.
187 2755 256 2798 Post:
274 2754 373 2799 ‘second
384 2757 422 2799 to.’
666 2758 687 2800 6.
703 2757 804 2800 Ducas:
830 2759 889 2812 ‘you
912 2758 997 2802 should
1023 2774 1077 2804 con-

150 2843 171 2873 2.
190 2829 306 2888 Canaque
322 2831 395 2873 iura:
412 2830 472 2874 ‘and
490 2831 573 2874 friend·
623 2831 698 2875 sider.’

122 2905 194 2962 ship’s
205 2903 286 2948 claims
297 2917 376 2961 grown
387 2918 443 2961 gray
452 2905 507 2949 with
516 2908 572 2963 age!
668 2916 687 2960 7.
705 2906 817 2951 Catenati
823 2920 832 2950 .·
855 2908 995 2964 ‘unceasing
1003 2910 1021 2961 ς’
1041 2910 1078 2955 lit.

123 2978 277 3036 Stephenson.
623 2983 629 3006 ί
639 2980 717 3025 linked
727 2982 847 3038 together.’

150 3068 171 3112 3.
186 3054 230 3098 Bis
245 3086 251 3096 .
267 3085 273 3096 .
289 3085 295 3096 .
311 3085 316 3096 .
332 3055 484 3098 tricesimus:
519 3056 575 3100 ‘the
669 3070 690 3112 9.
706 3056 793 3100 Haec.
810 3089 815 3100 .
833 3057 1079 3103 .toto:‘seizethem

121 3131 187 3174 twice
207 3128 314 3173 thirtieth
339 3128 435 3194 consul,'
456 3131 499 3186 i.e.,
515 3145 573 3186 your
624 3130 681 3173 with
701 3130 758 3175 both
778 3130 854 3174 hands
874 3130 921 3174 and
940 3131 996 3175 wlth
1017 3147 1080 3186 your

122 3204 218 3248 sixtieth
229 3218 290 3260 year.
625 3211 741 3262 strongest
750 3208 833 3263 grasp)

151 3295 171 3336 4.
188 3279 262 3323 Dies:
279 3279 322 3334 ie,
332 3277 390 3333 days
401 3283 426 3322 to
437 3293 509 3324 come.
656 3294 688 3323 ιο.
705 3280 755 3324 Imo
771 3312 776 3324 .
794 3314 799 3326 .
818 3313 823 3324 .
839 3283 908 3324 sinu:
935 3281 1011 3325 ‘from
1037 3285 1080 3331 the

153 3368 172 3414 5.
188 3354 245 3399 Non
267 3354 324 3397 bene
343 3353 484 3397 distuleris:
510 3357 573 3410 ‘you
625 3353 709 3412 depths
719 3355 744 3398 of
758 3357 821 3400 one’s
832 3355 930 3412 pocket!

123 3430 153 3475 do
164 3442 244 3486 wrong
254 3428 278 3470 in
289 3427 385 3484 putting
395 3426 442 3472 off)
653 3442 688 3476 12.
707 3429 821 3474 Crastina
828 3444 836 3473 :
853 3432 1032 3476 ‘tomorrow's.’

207 3574 447 3750 A
