2356 3976
319 289 501 372 Epigrams
523 291 563 372 af
579 289 730 351 Marlial.

404 716 448 777 18.
494 720 531 796 (l.
555 717 631 790 cix.)

399 928 436 969 On
451 941 465 969 a
479 933 520 978 pet
533 929 641 978 lap-dog.

204 1113 272 1170 Issa
287 1122 335 1171 est
350 1130 476 1188 passere
492 1111 622 1186 nequior
639 1112 761 1183 Catulli,

204 1209 271 1265 Issa
287 1217 334 1266 est
349 1207 453 1284 purior
469 1207 575 1265 osculo
592 1206 762 1277 columbae,

205 1306 274 1362 Issa
289 1313 337 1362 est
352 1303 495 1362 blandior
510 1303 653 1362 omnibus
669 1303 789 1379 puellis,

204 1403 272 1458 Issa
288 1410 337 1460 est
352 1400 450 1458 carior
467 1399 586 1458 Indicis
602 1398 721 1475 lapillis.

204 1499 272 1555 Issa
287 1506 335 1556 est
350 1497 479 1555 deliciae
496 1496 607 1555 catella
623 1494 720 1553 Publi.

204 1595 297 1652 Hanc
311 1568 397 1666 tu‚⁸si
413 1593 557 1669 queritur,
576 1591 659 1668 loqui
675 1591 816 1668 putabis;

204 1691 303 1749 Sentit
319 1690 536 1766 tristitiamque
552 1689 769 1766 gaudiumque.

203 1789 293 1846 Collo
308 1788 380 1845 nixa
397 1787 491 1845 cubat
506 1787 650 1862 capitque
666 1803 800 1857 somnos

203 1887 247 1944 Ut
263 1885 394 1961 suspiria
410 1884 494 1942 nulla
507 1883 686 1942 sentiantur.

205 1983 298 2040 Hanc
313 2001 352 2040 ne
369 1981 420 2039 lux
435 1981 534 2057 rapiat
550 1998 693 2055 suprema
708 1988 814 2051 totam,

204 2078 290 2136 Picta
307 2077 434 2136 Publius
450 2076 591 2153 exprimit
605 2075 729 2147 tabella,

203 2177 239 2232 In
255 2194 316 2250 qua
332 2184 394 2232 tam
411 2173 541 2232 similem
557 2172 679 2231 videbis
695 2173 804 2244 Issam,

202 2272 246 2330 Ut
262 2272 301 2329 sit
317 2281 379 2328 tam
396 2271 504 2330 similis
520 2270 578 2328 sibi
594 2288 652 2327 nec
667 2269 743 2345 ipsa.

204 2371 302 2426 issam
319 2368 453 2444 denique
469 2386 550 2443 pone
566 2385 635 2424 cum
650 2366 779 2425 tabella:

203 2467 265 2523 Aut
281 2474 441 2540 utramque
457 2462 582 2540 putabis
597 2481 666 2521 esse
682 2481 794 2533 veram,

202 2562 265 2617 Aut
281 2569 442 2635 utramque
457 2558 582 2636 putabis
598 2577 666 2616 esse
682 2557 804 2634 pictam.

76 3055 90 3085 ι.
105 3044 207 3086 Passcre
218 3056 225 3085 :
252 3044 366 3100 ‘sparrow
376 3043 395 3097 ;'
421 3042 491 3086 allud·
589 3054 608 3100 5.
624 3042 744 3085 Deliciae:
761 3043 829 3098 ‘pet’

76 3129 83 3171 ζ
96 3122 120 3160 to
136 3115 263 3161 Catullus's
275 3117 367 3160 famous
380 3130 448 3173 poem
460 3130 490 3160 on
589 3128 608 3174 5.
626 3116 731 3159 Catella:
750 3115 823 3159 ‘little
834 3115 894 3172 dog!

76 3191 159 3236 edeatb
170 3191 195 3235 ol
212 3192 315 3235 Lesbia's
327 3205 436 3248 sparrow.
587 3191 608 3234 8.
626 3191 686 3234 Colla
698 3192 757 3234 rzixa
768 3204 775 3233 :
792 3191 891 3246 ‘testing
909 3203 939 3233 on
957 3189 994 3233 bis

76 3280 91 3310 ι.
106 3267 214 3326 Nequiar
223 3281 231 3310 :
247 3269 323 3310 ‘more
334 3266 437 3323 playiul.’
544 3265 615 3310 neck!

76 3353 90 3398 3.
106 3343 243 3386 Blandior:
260 3345 335 3386 ‘more
351 3342 476 3386 winsome.'
576 3354 608 3382 ιι.
625 3341 711 3383 l’icla.
729 3373 734 3382 .
751 3340 866 3383 ‚labellm
878 3341 911 3382 ‘is
920 3340 994 3396 paint·

76 3427 90 3471 ι.
105 3416 222 3475 Lapillis:
240 3417 332 3475 ‘gemsl
545 3415 584 3472 ing
597 3414 636 3458 ber
647 3415 761 3471 porbail!
