2356 3976
391 273 573 355 Epigrams
595 275 635 354 of
651 274 802 336 Martial.

467 537 514 598 23.
560 541 615 618 (ll.
639 540 722 613 nxv.)

140 651 242 692 Ironical
256 652 405 692 condolence
420 652 481 692 with
497 663 512 692 a
526 663 583 692 man
598 652 655 692 who
670 652 719 692 had
733 652 783 702 Just
799 652 848 692 lost
863 652 901 691 his
918 652 968 691 rich
984 651 1055 693 wife.

202 739 265 796 Cur
279 736 442 795 tristiorem
461 736 615 794 cernimus
633 735 831 794 Saleianum?

201 837 277 892 “An
294 853 388 893 causa
403 833 480 893 levis
495 836 563 892 est?
575 833 590 858 ’⁵
620 832 728 909 inquit,
746 832 866 892 “extuli
882 834 1040 892 uxorem.”

199 932 228 990 O
242 933 360 1008 grande
375 931 431 989 fati
448 930 583 989 crimen!
606 949 624 988 o
639 948 763 1006 gravem
779 933 900 989 casum!

201 1029 266 1102 Illa,
283 1029 335 1086 illa
349 1029 435 1087 dives
451 1038 570 1086 mortua
586 1036 632 1085 est
649 1026 832 1096 Secundilla,

200 1127 341 1185 Centena
355 1125 459 1184 decies
474 1144 554 1201 quae
570 1124 626 1183 tibi
642 1123 728 1182 dedit
742 1123 847 1182 dotis?

200 1223 322 1281 Nollem
338 1222 502 1281 accidisset
517 1222 576 1280 hoc
591 1220 655 1293 tibi,
675 1220 825 1279 Saleiane.

472 1390 526 1456 24.
570 1397 626 1475 (u.
649 1397 713 1475 xe.)

343 1511 378 1552 Το
393 1511 536 1562 Quintilian.
552 1511 594 1550 the
608 1516 677 1561 great
692 1511 846 1552 rhetorician.

160 1596 360 1670 Quintiliane,
375 1614 473 1672 vagae
488 1595 664 1654 moderator
680 1615 797 1654 summe
814 1596 966 1668 iuventae,

200 1693 306 1751 Gloria
321 1694 491 1763 Romanae,
508 1691 708 1764 Quintiliane,
725 1702 824 1769 togae,

159 1789 271 1848 Vivere
286 1789 370 1866 quod
385 1808 515 1866 propero
530 1807 647 1864 pauper
662 1808 719 1847 nec
735 1789 850 1847 inutilis
866 1789 964 1860 annis

200 1888 249 1944 Da
263 1886 404 1945 veniam:
426 1894 571 1962 properat
587 1884 688 1943 vivere
704 1905 795 1943 nemo
810 1885 893 1944 satis,
1035 1907 1078 1943 10·
1099 1932 1101 1943 .

161 1983 291 2042 Differat
305 1983 373 2056 hoc,
389 1981 506 2059 patrios
521 1991 608 2057 optat
622 1981 675 2058 qui
689 1982 811 2041 vincere
827 2002 939 2041 census

200 2080 349 2156 Atriaque
364 2077 527 2138 inmodicis
542 2088 622 2136 artat
637 2078 832 2156 imaginibus,

162 2179 214 2234 Me
230 2177 319 2235 focus
334 2186 366 2234 et
379 2176 484 2253 nigros
499 2194 561 2233 non
578 2175 771 2252 indignantia
785 2177 887 2236 fumos

199 2275 296 2332 Tecta
311 2273 418 2332 iuvant
431 2284 463 2332 et
476 2273 549 2331 tons
564 2272 651 2331 vivus
667 2282 698 2331 et
709 2273 804 2332 herba
819 2274 911 2333 rudis.

161 2370 205 2428 Sit
220 2369 293 2426 mihi
309 2389 403 2427 verna
419 2380 510 2441 satur,
528 2369 567 2427 sit
582 2388 645 2427 non
661 2369 840 2428 doctissima
855 2371 996 2442 coniunx,
1031 2388 1060 2446 15
1098 2396 1101 2495 p

201 2467 247 2524 Sit
261 2486 322 2524 nox
336 2463 405 2524 dum
421 2485 538 2537 somno,
556 2465 597 2523 sit
612 2465 679 2524 sine
694 2465 747 2524 lite
762 2466 837 2525 dies.

162 2733 181 2763 2.
198 2719 297 2763 Extuli:
314 2721 337 2762 ‘I
349 2719 406 2762 have
416 2718 510 2762 buried.’
649 2732 682 2763 11.
698 2721 795 2763 Patrios
816 2755 822 2767 .
840 2752 845 2764 .
862 2753 867 2764 .
883 2735 979 2765 census:
1003 2721 1065 2763 ‘who

163 2805 182 2852 5.
200 2795 305 2838 Centena
324 2794 415 2839 decies:
434 2807 464 2836 sc.
483 2793 566 2836 milia:
617 2793 700 2838 wishes
710 2799 735 2838 to
747 2794 774 2838 be
784 2795 857 2839 richer
868 2794 925 2839 than
935 2796 971 2839 his
979 2795 1065 2840 father)

118 2869 145 2912 ‘a
156 2868 246 2912 million
257 2869 380 2912 sesterces!
648 2881 682 2914 12.
698 2869 841 2913 Inmodicis:
875 2871 880 2894 ‘
892 2869 1062 2914 innumerable.'

163 2956 181 3000 5.
198 2943 279 2987 Dotis:
296 2942 333 2986 ‘of
345 2943 435 2987 doner)
647 2957 681 2986 12.
697 2944 772 2987 Artat
781 2957 789 2986 :
804 2944 920 2987 ‘crowds’

163 3031 181 3072 7.
203 3019 296 3076 Vagae:
314 3018 455 3072 ‘wayward’
648 3031 681 3061 12.
698 3018 863 3076 Imaginibus:
885 3019 928 3074 i.e.‚
948 3020 973 3063 of
993 3031 1067 3062 ances-

161 3094 182 3140 8.
205 3093 296 3151 Togae:
307 3095 312 3117 ‘
322 3094 402 3148 gown‚’
415 3093 456 3146 i.e.‚
467 3092 506 3136 the
517 3091 568 3135 law·
616 3096 666 3136 tors
677 3093 728 3135 who
740 3093 798 3136 have
808 3091 861 3136 held
872 3094 950 3138 curule
961 3094 1044 3139 officeS.

117 3169 175 3224 yer's
187 3168 248 3223 robe,
259 3167 298 3211 the
314 3167 380 3222 ‘ban’
394 3181 419 3210 as
435 3181 468 3210 we
483 3165 568 3210 should
648 3181 681 3222 ¹4·
698 3168 790 3211 Rudis:
808 3168 929 3212 ‘natural'

117 3259 164 3298 say.
649 3254 682 3300 15.
704 3243 727 3286 V
728 3255 822 3286 erno:
856 3249 887 3289 ‘a
921 3241 1064 3301 (homeborn)

147 3332 179 3360 ro.
201 3318 293 3361 Vivere:
310 3319 350 3360 ‘to
360 3316 429 3372 enjoy
440 3315 494 3360 lile)
618 3315 694 3361 slave)

148 3406 180 3434 11.
197 3392 318 3449 Dfferat:
331 3390 372 3437 ‘let
380 3391 428 3436 him
437 3392 566 3455 postpone)
648 3403 682 3449 15.
699 3392 791 3440 Satur:
808 3390 872 3439 ‘well
883 3390 935 3434 ted!
